3017 4759
1339 242 1762 309 „55-

481 405 896 476 Hermannus‚
940 404 1013 461 fit
1054 401 1242 477 magis
1279 401 1632 480 perspicuus
1680 406 1742 460 et
1776 397 2067 478 apertior:
2113 397 2266 479 τομῇ
2298 397 2631 471 προσθεῖσα

482 501 704 581 σκέψαι
759 499 1089 585 βόστρυχον
1143 497 1404 581 τριχός
1447 540 1532 549 -—
1593 503 1877 579 σαυτῆς
1922 494 2246 574 ἀδελφοῦ
2290 494 2630 576 συμμέτρου

483 609 566 690 τῷ
611 609 697 691 σῷ
742 602 916 690 κάρα.
962 642 1046 652 -
1101 608 1162 686 2)
1207 609 1381 676 Eum.
1418 608 1571 667 570:
1619 603 1810 684 αἰτίαν
1855 597 1915 664 δ’
1957 601 2067 681 ἔχω
2107 599 2118 686 Ι
2155 605 2261 678 τῆς
2305 599 2478 660 τοῦδε
2524 622 2631 677 μη-

483 705 622 789 τρός
666 712 776 770 τοῦ
821 703 1036 785 φόνου.
1124 712 1396 790 Utroque
1437 712 1571 771 loco
1618 709 1930 785 genetivos
1980 728 2108 767 esse
2154 726 2357 767 omnes
2401 725 2634 783 posses-

486 815 649 875 sivos
693 814 986 875 videmus.
1032 846 1113 857 --
1159 812 1383 892 Aptior
1427 813 1609 873 etiam
1652 814 1819 873 locus
1869 813 1951 906 (ad
1996 810 2490 871 considerandum
2544 813 2638 866 est

483 918 593 976 ch.
627 921 777 976 935:
844 909 1230 974 δεσποσύνων
1274 908 1523 992 δόμων
1562 912 1572 996 1
1612 908 1932 994 ἆναφυγοὶς
1976 914 2232 974 κακῶν
2275 907 2372 969 καὶ
2422 929 2636 968 κτεα-

484 1020 630 1077 νῶν
686 1017 967 1094 τριβᾶς
1020 1009 1140 1078 dmi
1189 1016 1360 1078 δυοῖν
1405 1011 1781 1098 μιαστόροιν.·
1842 1040 1975 1094 gen.
2024 1019 2204 1093 subj.
2253 1005 2637 1073 δεσποσύνων

486 1115 691 1198 δόμων
749 1142 936 1202 aeque
984 1127 1160 1203 atque
1220 1125 1362 1200 obj.
1410 1120 1651 1199 τριβᾶς,
1717 1124 1877 1182 unde
1931 1122 2181 1199 insuper
2223 1119 2448 1198 pendet
2491 1118 2634 1191 obj.

487 1216 786 1298 κτεάνων,
830 1226 1178 1285 referuntur
1221 1227 1295 1286 ad
1336 1246 1556 1286 nomen
1602 1218 1935 1304 ἀναφυγᾶς.

1491 1411 1633 1493 §2-

798 1608 806 1615 ,
896 1534 1004 1593 De
1064 1533 1650 1611 adjectivorum
1707 1533 2221 1610 trajectione.

659 1670 1079 1731 Lobeckius
1124 1670 1226 1748 (ad.
1254 1670 1354 1729 Ai.
1400 1691 1460 1730 v.
1497 1670 1560 1745 7)
1605 1672 1757 1730 haec
1792 1672 2005 1729 habet:
2050 1669 2306 1749 „quibus
2349 1670 2500 1726 haec
2541 1687 2642 1725 res

485 1778 732 1848 regatur
773 1773 995 1833 finibus
1012 1819 1028 1846 ,
1073 1794 1247 1832 nemo
1278 1773 1531 1832 tradidit
1575 1793 1769 1852 neque
1808 1773 1975 1832 dictu
2016 1772 2195 1831 facile
2242 1776 2349 1830 est.
2396 1806 2479 1813 —-
2523 1772 2645 1828 Per

490 1896 639 1955 quos
683 1876 901 1949 gradus
945 1898 980 1934 a
1005 1875 1245 1935 lenibus
1275 1874 1593 1953 principiis
1637 1878 1757 1935 huc
1795 1896 1987 1955 usque
2017 1879 2307 1953 provecta
2338 1874 2417 1932 sit
2447 1879 2643 1932 trans·-

488 1976 724 2037 ferendi
767 1977 1016 2037 audacia
1060 1983 1123 2038 et
1166 1977 1313 2057 quid
1354 1978 1544 2037 fuerit
1587 1978 1948 2038 audentibus
1995 1982 2331 2036 extremum
2345 2023 2358 2050 ,
2405 1975 2643 2056 quaeri-

489 2102 621 2140 mus
665 2081 966 2140 incassum
980 2127 1011 2162 ,ὁ
1058 2102 1135 2140 ne
1197 2081 1467 2140 codicum
1513 2082 1753 2160 quidem
1798 2080 2257 2141 auctoritatibus
2315 2079 2459 2138 satis
2505 2099 2647 2139 con-

489 2183 585 2242 fisi
643 2183 746 2263 qui
805 2183 967 2243 inter
1023 2205 1085 2243 se
1130 2204 1418 2262 persaepe
1462 2184 1864 2261 discrepant.“
1926 2218 2009 2229 --
2072 2183 2219 2256 His,
2289 2203 2441 2262 quae
2485 2181 2649 2240 dixit

492 2286 591 2347 vir
635 2266 930 2359 summus,
1000 2286 1147 2366 quin
1191 2287 1475 2347 universe
1543 2286 1874 2360 adsentiar,
1942 2288 2140 2346 facere
2201 2307 2323 2345 non
2384 2304 2647 2362 possum.

493 2389 720 2449 Verum
765 2389 926 2448 enim
970 2410 1115 2450 vero
1160 2410 1236 2449 ne
1279 2390 1345 2448 in
1388 2391 1504 2450 hoc
1536 2390 1777 2469 quidem
1805 2389 2045 2449 dicendi
2089 2410 2307 2464 genuS,
2352 2388 2485 2448 dico
2518 2386 2648 2465 epi-

494 2494 801 2551 thetorum
834 2492 1251 2568 trajectionem
1266 2538 1282 2565 ,
1329 2494 1488 2571 quod
1545 2492 1862 2572 quisquam
1907 2491 2263 2567 singillatim
2304 2490 2648 2571 inquisivit,

497 2615 673 2654 causa
703 2606 811 2666 est,
857 2614 963 2653 cur
991 2599 1208 2653 natura
1235 2593 1403 2653 illius
1444 2599 1506 2654 et
1533 2615 1675 2653 usus
1708 2597 2136 2674 quodammodo
2170 2594 2382 2655 crassis
2413 2595 2650 2654 occulta

497 2702 559 2756 et
602 2697 961 2756 circumfusa
1001 2696 1251 2757 latebris
1297 2698 1493 2756 adhuc
1535 2698 1782 2758 lateant.
1869 2698 2242 2776 Conscripsit
2286 2718 2427 2756 sane
2473 2698 2540 2757 G.
2571 2698 2645 2756 R.
2715 2727 2722 2738 ·

497 2799 784 2859 Schmidt.
829 2798 1418 2859 dissertatiunculam
1463 2801 1576 2872 „de
1607 2800 1863 2877 epitheti
1907 2800 1973 2859 in
2003 2800 2344 2879 periphrasi
2372 2804 2647 2860 substan-

497 2902 763 2964 tivorum
823 2902 1216 2979 trajectione“
1265 2904 1474 2977 Progr.
1535 2923 1736 2980 gymn.
1796 2904 1970 2979 Torg.
2022 2907 2203 2963 1849.
2293 2904 2409 2963 Sed
2462 2923 2649 2982 quum

495 3006 548 3064 is
592 3025 719 3064 rem
765 3027 885 3065 non
945 3010 1068 3065 tam
1113 3006 1390 3067 absolvat
1432 3027 1612 3086 quam
1654 3006 1879 3068 leviter
1921 3006 2292 3084 perstringat
2343 3010 2523 3086 atque
2567 3006 2648 3064 si-

498 3108 770 3184 gnificet,
815 3108 1061 3168 minime
1104 3108 1257 3167 mihi
1303 3130 1454 3189 quae
1498 3110 1604 3169 dat
1639 3109 2033 3169 satisfaciunt.
2120 3111 2293 3168 Adde
2338 3110 2499 3188 quod.
2542 3109 2649 3168 So-

498 3214 776 3290 phoclem
830 3213 959 3272 fere
1014 3214 1205 3272 solum
1249 3212 1515 3291 respicit.
1584 3248 1667 3257 —-
1731 3211 1905 3276 Quod
1951 3233 2135 3292 quum
2181 3212 2269 3272 ita
2314 3211 2394 3270 sit
2410 3258 2425 3284 ,
2483 3213 2650 3271 haud

500 3316 765 3375 alienum
811 3336 939 3375 esse
985 3316 1310 3375 arbitratus
1358 3315 1661 3392 explicare
1678 3362 1694 3388 ,
1762 3336 1914 3396 quae
1958 3316 2297 3394 Aeschylea
2357 3315 2437 3374 sit
2490 3315 2649 3375 ratio

502 3418 799 3494 adjectiva
839 3418 1193 3491 traiciendi,
1240 3420 1519 3494 exempla
1562 3425 1843 3495 congesta
1885 3439 2175 3497 propono.

1534 3591 1609 3648 A.

670 3690 873 3769 Ipsius
903 3689 1204 3769 (genuini)
1234 3691 1503 3766 genetivi
1535 3696 1751 3751 natura
1782 3691 2266 3772 quandoquidem
2312 3713 2383 3752 ea
2426 3698 2534 3767 est,
2577 3700 2651 3754 ut

412 3825 418 3831 ·
503 3816 752 3868 nomen,
827 3814 1081 3874 quocum
1136 3794 1244 3853 ille
1306 3797 1657 3872 conjunctus
1720 3800 1841 3869 est,
1906 3794 2249 3855 distinctius
2306 3797 2647 3872 definiatur,

503 3920 722 3959 nomen
782 3903 844 3958 et
885 3897 1235 3973 genetivum
1294 3919 1403 3976 pro
1449 3899 1710 3978 simplici
1768 3905 1948 3979 atque
2002 3921 2122 3958 una
2165 3899 2410 3958 notione
2455 3900 2650 3977 accipi
2689 3899 2698 3906 ”

505 4022 678 4078 posse
723 4021 905 4080 quum
949 4022 1058 4080 per
1102 4022 1163 4061 se
1208 4008 1411 4081 pateat
1452 4007 1582 4062 tum
1646 4024 1754 4079 ego
1799 4022 2246 4082 nonnumquam
2289 4001 2509 4062 leviter
2569 4001 2648 4061 si-

507 4102 791 4176 gnificavi
833 4105 973 4163 data
1016 4104 1324 4165 occasione
1366 4105 1432 4164 in
1474 4108 1655 4184 hujus
1697 4105 1894 4167 libelli
1938 4104 2299 4183 prolusione.
