3017 4759
1302 353 1385 363 .-
1471 314 1516 381 5
1603 353 1686 363 ..-

417 472 666 551 (Phryn.
714 471 899 532 Bekk.
944 494 1001 551 p.
1036 478 1091 545 6,
1146 473 1265 550 13).
1355 470 1737 531 Simillimum
1783 477 1875 532 est
1918 474 2067 532 Hor.
2114 475 2225 551 Ep.
2256 476 2304 546 Ι,
2334 478 2409 546 ’3,
2458 479 2570 534 26:

416 576 676 649 „frigida
736 596 1013 638 curarum
1072 578 1377 635 fomenta“
1420 576 1523 635 ubi
1571 596 1630 636 v.
1674 577 1869 654 intpp.
1913 610 1997 619 —
2057 578 2221 637 Pers.
2270 582 2424 634 363:
2482 572 2571 634 τέ-

415 697 592 753 μενος
636 674 905 756 αἰθέρος,
952 679 1055 737 ubi
1101 679 1298 738 Schol.
1344 679 1428 737 M.
1474 678 1823 756 adscripsit:
1868 670 2021 737 κατοὶ
2065 678 2423 758 περίφρασιν
2466 672 2571 738 τόν

415 775 652 859 αἰθέρα.
718 781 1097 839 ·Addendum
1153 787 1243 840 est
1287 781 1468 840 etiam
1512 781 1718 859 Suppl.
1772 787 1921 841 123:
1965 816 2051 824 —-
2101 763 2469 860 λινορραφής
2507 763 2571 839 τε

415 876 655 957 δόμος
715 875 825 940 ’ἅλα
883 879 1101 962 στέγων
1161 875 1417 961 δορός.
1505 876 1692 958 δόμος
1735 876 1918 961 δορός
1970 890 2063 943 est
2102 884 2570 958 „Schiffshaus“.

415 984 560 1045 Gen.
624 1005 829 1063 appos.
890 987 1008 1045 hoc
1064 986 1197 1045 loco
1258 986 1309 1044 si
1370 990 1699 1045 statuemus
1757 987 1944 1047 verba
2004 986 2227 1065 optime
2284 991 2571 1063 poterunt

412 1088 700 1148 declarari
759 1080 939 1165 (δόρυ
976 1116 1063 1139 =
1098 1090 1245 1158 ναῦς
1305 1089 1468 1148 Pers.
1519 1093 1663 1147 409.
1744 1093 1856 1163 Ag.
1910 1093 2089 1148 1589.
2170 1089 2375 1167 Suppl.
2427 1093 2565 1162 815,

416 1197 555 1263 820,
605 1192 769 1271 974).
858 1194 1162 1271 Rectaque
1206 1192 1522 1254 adnotavit
1562 1190 1760 1250 Schol.
1805 1192 1920 1249 M.:
1971 1185 2340 1270 λινορραφής
2381 1186 2570 1267 δόμος

411 1285 622 1372 δορός.·
666 1284 708 1369 ἦ
742 1293 906 1361 ναῦς.
953 1326 1035 1336 —
1080 1294 1170 1352 De
1216 1296 1417 1355 Prom.
1450 1298 1608 1353 435:
1649 1286 1920 1363 κελαινός
1945 1284 2196 1363 ’Ἁιδος
2224 1327 2311 1338 —-
2339 1286 2569 1370 μυχός

413 1397 546 1474 γᾶς
588 1396 786 1474 aptius
831 1396 982 1454 mihi
1027 1396 1222 1457 visum
1268 1402 1360 1456 est
1403 1397 1696 1456 disserere
1738 1397 1902 1455 infra
1942 1396 2009 1454 in
2039 1397 2173 1455 adn.
2206 1398 2254 1455 Ι.
2286 1432 2369 1441 -—
2412 1398 2566 1456 Gon-

407 1500 664 1575 junctim
695 1504 996 1576 postremo
1041 1499 1158 1558 loci
1188 1501 1304 1559 duo
1335 1499 1797 1577 perlustrentur,
1847 1499 2063 1578 quibus
2100 1500 2164 1557 in
2197 1499 2569 1577 explicandis

408 1620 444 1659 a
489 1602 721 1674 ceteris,
770 1602 927 1681 quod
973 1602 1184 1675 sciam,
1242 1602 1680 1681 interpretibus
1727 1602 1877 1660 mihi
1924 1608 2014 1661 est
2060 1592 2564 1661 dissentiendum:

410 1706 570 1782 Sept.
619 1710 770 1765 631:
814 1740 897 1749 —
941 1698 1118 1765 πόλιν
1163 1700 1276 1775 ἕξει
1319 1699 1617 1784 πατρώων
1663 1697 1957 1779 δωμάτων
2000 1697 2049 1762 τ’
2092 1698 2463 1783 ἐπιστροφάς
2506 1711 2567 1763 et

411 1809 579 1865 Eum.
630 1812 781 1867 538:
840 1844 923 1853 -—
979 1806 1319 1883 ξενοτίμους
1378 1800 1671 1884 δωμάτων
1732 1800 2111 1887 ἐπιστροφάς.
2210 1803 2569 1885 ἐπιστροφαί

410 1910 568 1968 enim
611 1911 970 1970 vocabulum
1016 1911 1159 1990 quid
1206 1911 1321 1970 sibi
1368 1911 1552 1971 vellet
1597 1930 1791 1990 neque
1822 1911 2208 1971 Blomfieldus
2252 1911 2565 1988 („conver-

411 2012 626 2090 satio“)
671 2014 983 2091 perspexit
1039 2033 1235 2092 neque
1278 2013 1634 2073 Schuetzius
1676 2014 2002 2090 („alternas
2046 2014 2286 2092 vices“).
2373 2015 2563 2072 Immo

410 2122 778 2188 concretam,
842 2135 993 2196 quae
1054 2116 1302 2189 dicitur,
1362 2115 1486 2176 vim
1545 2118 1730 2175 habet
1786 2116 1894 2175 illa
1948 2138 2069 2178 vox
2127 2117 2201 2176 cf.
2244 2118 2358 2191 frg.
2406 2121 2563 2174 243:

404 2212 685 2295 Σπερχειὲ
745 2213 969 2293 ποταμὲ
1027 2210 1323 2294 βούνομοί
1379 2209 1426 2275 τ’
1470 2213 1829 2296 ἐπιστροφαί
1885 2221 2001 2294 frg.
2050 2223 2202 2278 264:
2266 2215 2435 2288 Κίλιξ
2498 2213 2563 2276 δὲ

404 2311 565 2397 χώρα
609 2314 710 2378 καὶ
755 2313 976 2399 Σύρων
1021 2317 1396 2399 ἐπιστροφαί.
1488 2320 1832 2399 Hesychius
1877 2318 2293 2400 (ἐπιστροφαίι
2338 2319 2564 2401 διατρι-

405 2419 530 2497 βαί,
578 2420 816 2481 δίαιται.
895 2417 1190 2500 Αἰσχύλος
1239 2420 1456 2501 Φρυξί)
1499 2423 1745 2483 minime
1792 2430 2003 2485 contra
2046 2444 2141 2483 me
2183 2424 2349 2484 facit.
2432 2422 2561 2483 δια-

406 2517 580 2603 τριβή
628 2531 719 2584 est
758 2525 951 2600 locus,
996 2527 1102 2587 ubi
1151 2526 1283 2607 quis
1329 2526 1665 2586 devertitur
1706 2527 1860 2587 Plat.
1906 2528 2141 2587 Charm.
2190 2533 2333 2601 153,
2372 2548 2438 2587 a:
2480 2515 2561 2602 ἦα

405 2624 504 2687 ἐπὶ
564 2621 670 2697 τας
727 2621 1007 2705 ξυνήθεις
1065 2621 1391 2708 διατριβάς.
1491 2627 1689 2687 δίαιτα
1749 2636 1946 2689 autem
2006 2632 2140 2692 voci
2198 2632 2377 2690 istam
2434 2631 2559 2693 vim

408 2751 537 2789 esse
601 2733 929 2808 subjectam
984 2752 1106 2791 non
1164 2734 1358 2792 habeo
1421 2732 1581 2811 quod
1626 2733 2043 2793 demonstrem.
2135 2734 2294 2799 Quid
2336 2732 2562 2792 multa?

403 2833 712 2912 Exemplis
756 2834 1110 2913 Aeschyleis
1167 2854 1357 2914 aeque
1418 2840 1598 2915 atque
1657 2842 1803 2895 nota
1845 2837 2140 2916 Hesychii
2203 2832 2560 2914 ἐπιστροφαί

406 2944 741 2996 concretam
776 2937 1000 2995 habere
1045 2938 1547 3011 significationem
1578 2966 1665 2989 ==
1694 2939 1987 3013 ,‚locus‚
2032 2941 2137 2999 ubi
2183 2939 2317 3019 quis
2348 2939 2556 3000 dever-

404 3037 570 3111 titur,
615 3039 658 3097 i.
689 3059 740 3098 e.
787 3039 1233 3100 deversorium“
1276 3060 1478 3098 nonne
1521 3041 1859 3100 luculenter
1903 3040 2202 3102 efficitur?

576 3144 724 3202 Cum
782 3141 1064 3215 genetivo
1123 3148 1321 3201 autem
1375 3143 1713 3220 appositivo
1772 3144 2153 3203 consociandi
2195 3145 2375 3221 hujus
2419 3146 2555 3202 sub·

403 3245 652 3304 stantivi
709 3246 866 3305 ratio
923 3251 1044 3303 n'on
1105 3245 1192 3303 ita
1249 3244 1486 3305 diversa
1545 3251 1637 3304 est
1692 3248 1788 3339 ab·
1831 3266 1902 3305 ea
1960 3265 2077 3325 qua
2120 3247 2268 3305 dicit
2310 3245 2429 3306 Cic.
2488 3246 2554 3305 in

402 3348 537 3407 Vat.
580 3352 682 3406 14:
726 3348 1104 3424 „perfugium
1131 3347 1505 3422 legationis“,
1540 3350 1698 3429 quod
1730 3348 1969 3429 quidem
1998 3350 2336 3427 exemplum
2368 3351 2554 3410 debeo

403 3450 689 3509 Haasio
734 3450 992 3527 (Vorles.
1039 3473 1099 3529 p.
1133 3453 1262 3527 42).

573 3552 638 3629 b)
683 3553 798 3611 His
839 3554 928 3613 ita
970 3553 1338 3630 explanatis,
1399 3555 1682 3635 quoniam
1725 3554 1993 3617 videmus
2041 3575 2216 3636 quam
2274 3556 2394 3615 late
2438 3557 2551 3617 dif-

401 3657 688 3716 fundatur
728 3656 830 3715 hic
866 3657 1132 3731 genetivi
1176 3677 1315 3717 usus
1359 3658 1518 3735 apud
1547 3657 1929 3735 Aeschylum,
1974 3658 2209 3717 dicendi
2256 3661 2552 3738 quendam

403 3779 627 3818 morem
674 3778 847 3838 quem
891 3780 1064 3820 nemo
1109 3780 1262 3819 unus
1301 3760 1444 3819 satis
1473 3760 1714 3820 videtur
1741 3760 1890 3818 mihi
1938 3760 2299 3838 exposuisse,
2343 3761 2554 3821 licebit

403 3868 700 3921 excutere.
790 3862 1028 3922 Accidit
1084 3862 1243 3921 enim
1301 3862 1606 3921 interdum
1661 3862 1818 3939 apud
1870 3863 2130 3936 tragicos
2173 3863 2549 3939 potissimum

403 3964 823 4040 (consulendus
868 3971 959 4023 est
988 3963 1372 4023 Blomfieldus
1416 3964 1480 4022 in
1526 3965 1702 4038 gloss.
1741 3964 1817 4022 ad
1846 3965 2011 4025 Pers.
2043 3968 2164 4023 425
2215 3962 2314 4042 qui
2360 3966 2550 4026 multa

403 4067 703 4141 congessit
745 4066 1043 4144 exempla)
1102 4073 1168 4126 ut
1225 4067 1617 4130 substantivis
1676 4066 2051 4127 substantiva
2109 4065 2364 4125 eundem
2419 4069 2547 4129 fere
2649 4118 2652 4121 ⁴

401 4171 687 4231 habentia
728 4170 1099 4230 intellectum
1141 4190 1250 4247 per
1293 4172 1627 4232 ubertatem
1659 4169 1955 4250 quandam
1983 4169 2378 4231 adnectantur
2407 4189 2547 4231 casu
