3017 4759
1343 299 1728 367 ...5⁴....

459 462 759 537 genetivo.
847 459 961 520 Sed
1007 461 1165 519 hano
1209 463 1571 522 structuram
1632 458 1706 517 ad
1751 458 2016 533 genetivi
2061 457 2383 536 appositivi
2429 458 2613 520 ratio-

456 585 594 623 nem
641 584 769 623 esse
813 563 1187 626 referendam
1228 565 1352 639 jam
1397 566 1489 621 est
1531 562 1595 620 in
1641 561 1861 639 aprico.
1951 561 2124 624 Lioet
2169 561 2327 621 enim
2370 561 2610 621 illorum

456 667 998 738 substantivorum,
1061 685 1243 746 quum
1300 685 1410 742 per
1466 684 1531 723 se
1572 666 2018 741 usurpabantur
2059 663 2289 743 posita,
2347 668 2613 741 potestas

457 770 745 829 dissoluta
775 774 949 841 esset,
995 774 1064 828 ut
1105 767 1193 826 ita
1223 766 1434 838 dicam,
1481 772 1544 827 et
1586 767 1914 839 debilitata,
1959 771 2176 840 tamen,
2220 766 2324 826 ubi
2359 766 2610 826 alterum

455 870 645 932 altero
705 870 1145 947 adjungebatur
1203 870 1482 944 genetivo
1502 917 1516 939 ‚
1576 874 1788 949 poe’tae
1847 869 2139 930 naturalis
2184 870 2615 929 obversabatur

457 974 817 1050 significatio
864 980 924 1033 et
967 971 1317 1051 principalis
1362 973 1509 1032 adeo
1555 978 1623 1032 ut
1666 973 1834 1032 notio
1877 972 2166 1051 superior,
2215 992 2468 1054 quaeum
2512 992 2612 1046 ge-

456 1077 696 1137 netivus
731 1081 859 1135 erat
890 1078 1262 1153 conjunctae,
1308 1095 1497 1151 genus
1529 1075 1770 1155 aliquod
1808 1076 2120 1149 indicaret,
2168 1076 2322 1157 quod
2356 1075 2612 1134 seeundo

457 1199 595 1240 casu
654 1179 890 1258 planius
952 1179 1319 1239 definiretur.
1411 1179 1584 1247 Quod
1648 1199 1823 1259 quam
1881 1184 2045 1239 reete
2098 1178 2355 1237 dixerim
2412 1182 2480 1236 ut
2534 1177 2614 1237 sit

454 1283 517 1341 in
564 1282 911 1361 propatulo,
959 1282 1393 1360 percenseatiS,
1442 1301 1691 1362 quaeso,
1736 1282 2011 1359 exempla
2054 1282 2232 1341 haec:
2292 1280 2463 1355 πῆμα
2510 1271 2612 1338 νό-

456 1402 565 1445 σου
592 1386 648 1464 1)
712 1390 821 1460 Ag.
870 1390 991 1444 814
1036 1384 1075 1443 i.
1110 1404 1159 1444 e.
1206 1384 1643 1458 „oalamitatee,
1706 1389 1999 1465 quatenus
2044 1385 2250 1443 morbo
2298 1382 2609 1443 eontinen-

455 1492 612 1548 tur“.
700 1479 1112 1564 σκιρτημάτων
1169 1479 1437 1562 νήστιδες
1494 1483 1679 1544 αἶκίαι
1725 1489 1825 1547 Pr.
1876 1492 1994 1546 598
2042 1487 2082 1547 i.
2126 1508 2174 1547 e.
2221 1485 2611 1559 „vexationes

456 1610 610 1670 quae
655 1594 934 1650 constant
977 1588 1279 1650 saltibue“.
1370 1582 1576 1652 τοιοίδε
1619 1581 1904 1669 συμφορὰ
1947 1583 2194 1658 πάθους
2252 1590 2415 1648 Pere.
2463 1593 2608 1649 434.

456 1691 588 1752 τίνα
632 1684 804 1768 τήνδε
863 1685 1183 1770 συμφορᾶν
1241 1692 1446 1751 κακῶν
1489 1695 1656 1752 Pers'.
1702 1697 1843 1751 438.
1935 1688 2032 1751 ἐπὶ
2078 1692 2360 1773 συμφορᾷ
2419 1691 2613 1749 κακοῦ

454 1830 537 1840 -
590 1799 770 1854 1001.
860 1795 974 1855 His
1019 1800 1160 1855 sunt
1203 1796 1617 1871 subjungenda
1661 1798 1770 1869 Ag.
1825 1799 2016 1855 1493:
2060 1787 2348 1871 ἀμηχανῶ
2390 1812 2610 1869 φρον-

455 1895 672 1968 vidos·
717 1893 1026 1975 στερηθεὶς
1071 1889 1524 1973 εὐπαλάμων
1568 1898 1958 1974 μεριμνᾶν.
2028 1887 2245 1974 χειμοδν
2288 1895 2463 1969 τυφῶ
2497 1898 2608 1971 Ag.

457 2005 598 2059 634.
672 1996 929 2078 λέκτρων
975 1992 1152 2070 εὖνᾶς
1196 1991 1599 2078 ἇβροχίτωνας
1642 2000 1808 2059 Pera.
1856 2004 1997 2060 541.
2073 2002 2146 2060 of.
2191 1993 2446 2075 λέκτρων
2487 1995 2609 2057 κοί-

452 2124 558 2173 τας
601 2105 742 2164 Eur.
792 2103 920 2164 Alo.
954 2108 1095 2163 925.
1162 2098 1417 2181 λέκτρων
1463 2095 1633 2160 εὐναί
1676 2104 1852 2163 Hero.
1898 2105 2039 2164 Fur.
2077 2106 2216 2162 799.
2284 2101 2609 2162 Faeiliores

449 2206 639 2281 igitur
681 2208 946 2268 evadunt
987 2207 1058 2265 ad
1109 2206 1532 2284 explicandum
1573 2206 1909 2267 locutiones
1955 2225 2100 2287 quas
2142 2205 2428 2280 legimus:
2477 2204 2610 2279 τῆλε

454 2302 608 2388 πρός
666 2306 998 2385 δυσμαῖς
1062 2302 1314 2376 ἄνακτος
1365 2300 1568 2370 Ἠλίου
1631 2304 2194 2384 φθινασμάτων
2253 2312 2417 2369 Pers,
2466 2313 2607 2368 232.

457 2408 751 2471 ἐνυπνίων
795 2405 1234 2486 φαντασμάτων
1281 2407 1306 2494 ΙΙ
1355 2403 1533 2486 ὄψεις
1578 2412 1740 2489 Sept.
1787 2417 1908 2471 694
1956 2402 2129 2487 (ὄψις
2157 2438 2245 2463 =
2272 2413 2467 2473 visum
2511 2413 2609 2472 Pr.

459 2521 614 2575 644:
660 2507 836 2588 ὄψεις
866 2510 1098 2590 ἔννυχοι
1126 2505 1549 2591 πωλούμεναι).
1619 2506 1944 2590 θραύματα
1975 2510 2248 2592 ἐρειπίων
2277 2517 2441 2575 Pers.
2468 2520 2609 2573 423.

454 2609 662 2693 σκάφη
705 2617 856 2678 νεῶν
899 2617 1064 2678 Pero.
1099 2615 1220 2676 417
1272 2614 1493 2693 (Sehol.
1527 2617 1640 2675 Μ.3
1685 2609 1818 2672 ἀντὶ
1864 2617 1972 2674 τοῦ
2017 2613 2083 2674 αἱ
2123 2618 2301 2694 νῆες).
2385 2619 2609 2679 Eodem

453 2739 634 2799 porro
692 2722 892 2797 potest
948 2718 1193 2780 referri:
1259 2711 1486 2778 στόνων
1545 2709 1714 2798 ἇπύᾳ
1771 2717 1930 2795 Sept.
1984 2722 2118 2781 132.
2207 2722 2322 2782 Μ.3
2384 2714 2611 2781 στόνων

455 2816 661 2890 ἆυτᾶς.
751 2821 939 2882 Unioe
994 2841 1204 2883 verum
1259 2827 1380 2894 est,
1443 2822 1602 2900 quod
1660 2821 1927 2882 restituit
1970 2823 2381 2897 Hermannus,
2441 2815 2608 2906 α’πύᾳ

455 2925 745 3005 (Heeyoh.
814 2917 1000 3000 ἠπύη,
1072 2915 1291 3001 φωνή).
1404 2923 1576 2994 Eum.
1639 2928 1799 2990 393:
1873 2915 2168 3000 ἐξήκουσα
2237 2919 2609 3002 κληδόνος

455 3021 656 3105 βοήν.
717 3047 913 3108 neque
959 3027 1200 3108 diversa
1245 3029 1386 3085 sunt
1432 3044 1583 3105 quae
1627 3026 1881 3101 legimus
1925 3027 2007 3088 ib.
2052 3050 2110 3090 v.
2158 3034 2308 3090 9993
2369 3023 2609 3105 μύθους

454 3129 802 3194 τῶνδε,,,ταῑν
843 3121 1280 3209 κατευγμάτων.
1365 3128 1598 3188 Deinde
1642 3130 1966 3194 advocetur
2009 3151 2252 3194 neeesse
2298 3136 2388 3190 est
2431 3134 2602 3190 Eum.

458 3236 568 3294 573
613 3227 678 3292 τό
725 3233 966 3307 φῦλον
1010 3226 1126 3291 οὐκ
1172 3223 1393 3294 ὄπωπα
1436 3223 1600 3306 τῆσδ’
1645 3223 1895 3307 ὁμιλίας.
1978 3225 2175 3308 ὁμιλία
2218 3234 2376 3293 idem
2417 3253 2605 3312 prope

456 3357 585 3395 esse
630 3338 787 3415 quod
832 3329 1043 3410 ὅμιλος
1085 3319 1260 3395 docet
1303 3334 1687 3408 SchuetziuS,
1747 3338 1914 3413 enjus
1959 3337 2229 3397 conferas
2273 3338 2606 3398 adnotatio-

456 3459 610 3497 nem.
698 3439 1110 3516 HermannuS,
1167 3437 1280 3497 etsi
1324 3438 1518 3516 ipsam
1561 3439 1950 3515 reprehendit
1994 3439 2265 3500 Sohfitzii
2308 3442 2604 3519 interpre-

456 3540 772 3613 tationem,
818 3540 966 3600 dioit
1006 3542 1185 3600 haee:
1241 3541 1414 3612 „Hoo
1459 3540 1706 3614 dieitur,
1762 3562 2050 3616 „genus
2094 3544 2314 3604 huius
2359 3546 2603 3603 sooie-

456 3643 697 3703 tatie“
728 3643 826 3702 vel
856 3642 1279 3717 „nationem
1308 3644 1535 3703 huius
1566 3645 1860 3718 gentis“
1892 3665 2012 3704 non
2043 3645 2225 3706 vidi.“
2256 3679 2336 3690 ——
2367 3646 2605 3708 Pariter

596 3830 647 3895 1)
680 3830 1075 3891 Explicationem
1108 3830 1259 3891 igitur
1293 3830 1480 3878 habent
1501 3830 1792 3878 Homerica:
1830 3830 1922 3879 Od.
1948 3832 2042 3892 111,
2080 3832 2202 3880 152:
2239 3831 2392 3897 πῆμα
2415 3839 2605 3886 κακοῖο-

454 3917 590 3975 xlv,
616 3919 743 3965 3383
779 3915 930 3981 πῆμα
959 3911 1104 3978 δύης.
1155 3916 1308 3977 Soph.
1334 3916 1425 3962 Ph.
1459 3917 1586 3963 765:
1623 3910 1692 3965 τὸ
1728 3914 1918 3979 πῆμα
1948 3916 2069 3980 τῆς
2102 3914 2314 3968 νόσου.
2366 3921 2445 3968 Ai.
2475 3924 2600 3970 3633

454 3995 511 4052 τὸ
549 4002 702 4065 πῆμα
736 3999 834 4064 τῆς
867 3993 1012 4065 ἄτης.
1072 4002 1188 4049 vide
1222 4002 1450 4049 Eustath.
1486 4003 1550 4048 ad
1586 4000 1679 4048 od.
1705 4003 1797 4062 111,
1840 4004 1952 4061 152,
1988 4018 2038 4063 p.
2067 4005 2215 4063 1461,
2242 4008 2334 4054 68:
2369 4001 2602 4071 Ὁμήρου

454 4080 679 4144 εἰπόντος
726 4085 878 4150 πῆμα
926 4085 1087 4136 κακοῦ
1124 4080 1152 4137 o‘
1193 4082 1428 4151 ζηλωτὴς
1479 4080 1636 4138 αὐτοῦ
1673 4084 1950 4152 Σοφοκλῆς
1998 4089 2149 4153 πῆμα
2182 4081 2311 4154 ἄτης
2346 4087 2518 4154 φησὶν,
2573 4082 2601 4141 ὃ

457 4169 591 4222 ἔστιν
625 4161 728 4234 ἄτη
763 4169 1189 4235 xta-:mmmmmdc-
