3017 4759
1204 351 1634 416 -91-

339 508 706 586 interpretes
768 507 1088 587 plerosque
1151 511 1221 566 ut
1287 507 1404 568 sibi
1469 509 1925 570 assentirentur.
2030 508 2204 569 Certe
2266 507 2505 589 quidem

340 610 642 672 rationem
693 609 1036 683 Schuetzii,
1098 611 1295 690 quoad
1354 607 1486 681 ἴσος
1546 612 1830 689 adjectivi
1888 611 1977 673 ita
2033 631 2181 701 cum‘
2224 611 2504 686 genetivo

343 713 671 775 constructi
734 713 1074 791 exemplum
1133 718 1398 791 ponatur
1459 714 1771 774 definitum
1835 719 2016 795 atque
2075 715 2506 786 confirmatum,

342 817 666 895 plurimum
711 807 1005 896 proficere
1051 823 1114 877 et
1157 817 1362 880 valere
1406 823 1682 896 apertum
1726 822 1832 877 est.

1358 1279 1487 1356 IV.

715 1435 829 1506 De
879 1436 1239 1526 genetivo
1293 1435 1691 1509 adverbiis
1743 1435 2132 1531 adjuncto.

1399 1624 1449 1682 I.

515 1741 701 1801 Nulla
758 1743 915 1820 apud
962 1741 1327 1821 Aeschylum
1384 1743 1787 1805 inveniuntur
1844 1742 2130 1805 adverbia
2187 1746 2507 1821 propterea

345 1846 628 1922 genetivo
676 1865 949 1907 connexa
994 1847 1153 1927 quod
1197 1847 1339 1907 ficta
1383 1851 1527 1906 sunt
1570 1867 1646 1908 ex
1691 1847 2023 1924 adjectivis,
2071 1846 2287 1926 quibus
2325 1865 2505 1922 gene·

344 1951 508 2013 tivus
568 1949 862 2010 subicitur
919 1949 1232 2025 genuinus.
1322 1952 1524 2032 Atque
1586 1949 1765 2010 etiam
1810 1969 1996 2009 unum
2051 1948 2243 2009 solum
2298 1949 2507 2011 adver·-

344 2054 512 2138 bium
557 2053 852 2126 cernitur,
913 2043 1114 2126 οἷξίως,
1176 2052 1496 2113 deductum
1539 2054 1615 2113 ab
1660 2052 1991 2130 adjectivo,
2051 2053 2148 2112 cui
2190 2051 2507 2127 genetivus

352 2138 604 2218 ablativi
648 2155 781 2216 vice
824 2156 1083 2230 fungens
1127 2154 1279 2215 solet
1322 2155 1580 2232 apponi:
1642 2156 1749 2216 ch.
1800 2159 1954 2214 688:
2015 2146 2186 2214 οὗτοι
2229 2147 2509 2232 κυρήσεις

348 2263 516 2336 μεῖον
578 2250 758 2330 ἀξίως
819 2255 1029 2332 σέθεν,
1095 2259 1201 2317 ubi
1268 2262 1468 2318 tamen
1534 2257 1815 2321 Pauwius
1880 2257 2227 2318 auctoritati
2286 2276 2506 2336 parens

347 2363 716 2423 scholiastae
745 2362 828 2421 M.
876 2362 1064 2441 (,,τό5ν
1094 2376 1188 2421 σοι
1220 2352 1405 2433 ἀξίων
1435 2361 1691 2440 uuest>
1737 2360 2117 2421 scribendum
2162 2380 2290 2420 esse
2334 2359 2509 2420 duxit

222 2498 250 2511 τ
349 2457 552 2541 ἀξίων,
615 2467 774 2547 quod
835 2466 1245 2543 probaverunt
1307 2464 1661 2525 Schuetzius
1724 2468 1787 2524 et
1848 2464 2249 2523 Blomfieldus.
2355 2463 2506 2531 Din-

348 2569 569 2629 dorfius
614 2569 874 2646 conjecit
917 2559 1102 2641 ἆξίας,
1150 2570 1535 2629 Hermannus
1565 2587 1710 2631 vero
1756 2566 1984 2629 servari
2030 2586 2208 2645 posse
2252 2565 2507 2627 arbitra·

347 2678 448 2732 tur
491 2665 689 2744 ἀξίως.
779 2674 935 2732 conf.
980 2672 1142 2750 Sept.
1189 2676 1304 2731 23:
1352 2671 1545 2741 καλῶς
1587 2661 1660 2729 τοὶ
1706 2667 1885 2730 πλείω
1930 2662 2189 2746 πόλεμος
2233 2666 2299 2729 ἐκ
2344 2670 2507 2728 θεῶν

345 2777 531 2854 κυρεῖ.
633 2778 744 2850 Ag.
799 2779 988 2836 1325:
1050 2765 1351 2854 Ἀτρείδην
1413 2769 1629 2834 εἰδέναι
1688 2764 1995 2853 κυροῦνθ’
2055 2767 2237 2842 ὅπως.
2340 2774 2505 2850 Sept.

349 2883 505 2937 682:
564 2871 752 2948 κακός
811 2870 886 2937 οὐ
943 2869 1201 2962 κεκλήσῃ
1261 2875 1395 2955 βίον
1456 2864 1525 2936 εὖ
1582 2869 1854 2955 κυρήσας
1914 2881 1976 2937 et
2020 2896 2174 2958 quae
2232 2875 2508 2937 dicentur

347 3001 394 3041 s.
437 2981 479 3042 l.

1386 3167 1470 3228 ΙΙ.

517 3290 726 3364 Longe
782 3288 1081 3369 longeque
1139 3288 1626 3370 frequentissime
1686 3308 1757 3349 ea
1812 3288 2169 3365 copulantur
2222 3286 2508 3349 adverbia

348 3411 483 3453 cum
541 3392 821 3466 genetivo
884 3411 1035 3472 quae
1095 3413 1166 3452 eo
1227 3394 1385 3474 quod
1445 3411 1616 3453 casus
1670 3393 1864 3453 forma
1921 3391 2187 3466 obriguit
2231 3425 2311 3435 —
2356 3391 2507 3450 haec

346 3494 561 3553 iisdem
605 3495 806 3556 verbis
849 3496 925 3555 ab
969 3494 1435 3571 Holzweissigio
1480 3497 1780 3556 transfero
1845 3530 1931 3540 -
1992 3515 2069 3555 ex
2112 3492 2505 3556 substantivis

347 3596 810 3679 nominibusque
855 3599 1231 3660 substantive
1276 3598 1489 3677 positis
1535 3602 1668 3660 orta
1712 3604 1884 3659 sunt.⁴

1359 3786 1392 3866 g
1445 3791 1497 3847 1.

522 3905 791 3965 Primum
835 3906 1162 3968 disseratur
1219 3908 1293 3967 de
1337 3888 1687 3986 impropriis
1748 3927 1896 3988 quas
1941 3908 2150 3967 dicunt
2202 3906 2506 3984 praeposi-

348 4008 634 4071 tionibus.

519 4113 578 4191 a)
625 4113 718 4172 Ad
763 4113 880 4172 hoc
923 4133 1113 4187 genus
1155 4112 1453 4191 imprimis
1512 4118 1710 4174 statuo
1756 4113 2060 4191 pertinere
2104 4113 2349 4175 voculas
2405 4131 2505 4172 eas

349 4235 500 4299 quae
532 4215 893 4280 substantivi
922 4218 1179 4278 formam
1207 4217 1502 4279 sinceram
1531 4217 1947 4302 integramque
1977 4219 2504 4280 conservaverunt.
