3017 4759
1245 259 1672 326 .-5ῑ)...ὑ

379 405 566 489 μυχός
611 415 946 475 arctissime
991 419 1343 494 conjunctus
1389 421 1513 491 est,
1574 423 1754 498 atque
1798 421 1955 479 alter
2000 440 2133 495 gen.
2166 413 2377 491 ’Ἄιδος
2419 422 2537 481 toti

380 517 614 577 notioni
647 510 833 593 μυχός
877 519 985 596 γᾶς
1015 519 1341 597 apponitur
1370 522 1534 593 „Der
1564 522 1992 583 Erdenwinkel
2026 524 2130 582 des
2155 525 2420 584 Hades‘fi
2452 558 2536 567 —-

378 619 697 679 Persimile
743 624 834 679 est
871 622 1031 700 quod
1064 621 1214 680 dicit
1251 622 1434 700 Soph.
1473 624 1618 682 Oed.
1653 625 1777 683 Col.
1815 631 1974 685 669:
2018 624 2194 684 τᾶσδε
2224 620 2419 704 χώρας
2454 662 2534 671 -

374 716 448 780 τά
493 715 777 798 κράτιστα
820 725 929 801 γᾶς
973 720 1197 781 ἔπαυλα
1212 746 1231 795 ,·
1295 746 1611 803 perperam
1668 729 1818 787 haec
1870 732 2061 789 verba
2103 731 2535 790 Elmsleius

379 825 470 884 ita
523 826 766 903 putavit
827 843 956 886 esse
1017 829 1446 888 construenda:
1508 827 1709 888 τᾶσδε·
1746 823 1943 909 χώρας
1987 866 2070 876 -—
2132 828 2399 906 ἔπαυλα,
2465 825 2536 891 τά

374 922 657 1007 κράτιστα
706 930 815 1007 γᾶς
860 921 1020 987 ὄντα.

544 1032 623 1110 y)-
648 1032 979 1095 Genetivus
1012 1037 1142 1093 sub
1150 1037 1173 1111 j
1191 1055 1225 1093 6
1241 1034 1491 1095 ctivus
1525 1037 1912 1113 conjungitur
1936 1058 2071 1097 cum
2096 1029 2532 1116 complexione,

375 1155 530 1214 quae
576 1140 811 1194 constat
853 1136 1133 1210 genetivo
1172 1138 1480 1216 qualitatis
1527 1143 1590 1198 et
1632 1140 1874 1199 nomine
1909 1140 2197 1218 primario
2241 1142 2310 1200 in
2351 1163 2534 1201 unam

372 1238 681 1298 notionem
729 1238 1219 1299 coalescentibus.
1309 1223 1507 1301 Prom.
1547 1248 1705 1303 8983
1772 1236 2134 1324 δυσπλάνοις
2159 1237 2351 1321 ’Ήρας
2394 1237 2534 1305 ἄλα-

372 1338 554 1409 τείαις
614 1332 836 1399 πόνων.
916 1334 1132 1424 Ιλπόνων
1191 1364 1324 1418 gen.
1386 1348 1479 1403 est
1521 1345 1863 1423 qualitatiS,
1906 1339 2103 1424 ‘'Hoag
2164 1347 2533 1424 subjectivus

371 1465 431 1504 v.
479 1465 537 1521 p.
572 1444 672 1503 27.

547 1568 594 1606 c.
645 1546 1125 1606 Rarissimus
1171 1549 1349 1623 longe
1402 1549 1512 1608 ille
1558 1549 1802 1628 quidem
1835 1553 1951 1610 'sed
1994 1553 2097 1611 vel
2142 1553 2533 1627 gravissimus

370 1651 584 1709 modus
637 1651 688 1708 is
737 1655 830 1711 est
874 1672 990 1730 quo
1036 1651 1308 1726 genetivi
1354 1673 1543 1732 aequo
1590 1657 1652 1713 et
1694 1654 1827 1731 pari
1867 1657 2033 1731 jure,
2076 1659 2147 1714 ut
2186 1655 2276 1715 ita
2319 1656 2531 1731 dicam,

372 1774 507 1812 cum
551 1753 793 1812 nomine
841 1754 1279 1814 consociantur.

544 1857 607 1933 α)
652 1857 822 1916 Gen.
882 1859 1075 1933 subj.
1134 1862 1196 1918 et
1253 1859 1394 1933 obj.
1459 1857 1656 1917 eidem
1715 1858 1950 1919 nomini
2012 1861 2289 1938 adjunxit
2352 1867 2532 1941 poeta

369 1964 484 2035 Ag.
526 1964 682 2018 312:
728 1960 846 2017 τῶν
891 1951 1154 2018 άλόντων
1197 1957 1298 2018 καὶ
1337 1952 1760 2038 κρατησάντων
1803 1996 1887 2005 --
1931 1957 2213 2041 φθογγάς
2256 1999 2339 2009 —-
2384 1982 2527 2040 συμ-

370 2062 572 2141 φορᾶς
633 2062 858 2137 διπλῆς.
963 2062 1046 2124 11).
1101 2067 1292 2123 11963
1358 2056 1467 2136 τήν
1531 2096 1613 2105 ——
1679 2060 1946 2122 Θυέστου
2009 2062 2180 2123 δαῖτα
2245 2065 2531 2125 παιδείων

370 2166 579 2242 κρεῶν.
649 2167 757 2225 Oh.
793 2170 942 2226 935:
993 2159 1378 2224 δεσποσύνων
1410 2158 1611 2240 δόμων
1650 2162 1660 2246 1
1701 2157 2018 2245 άναφυγοὶς
2057 2168 2284 2227 κακῶν.
2355 2171 2527 2230 Eum.

373 2272 526 2327 495:
574 2261 1004 2344 βροτοσκόπων
1042 2265 1051 2349 Ι
1091 2262 1465 2344 μαινάδων
1494 2262 1676 2327 τῶνδ’
1714 2265 1967 2345 ἔφέρψει
1996 2262 2217 2339 κότος
2249 2263 2337 2339 τις
2368 2268 2527 2350 ἔργ-

378 2366 623 2446 μ”άτων
683 2372 826 2432 vide
889 2392 1022 2449 pag.
1058 2377 1135 2431 28
1183 2376 1247 2430 et
1289 2392 1437 2449 pag-
1461 2376 1561 2431 35.
1622 2406 1704 2414 —-
1766 2375 1880 2447 Ag.
1924 2376 2079 2432 946:
2145 2373 2528 2435 Hermannus

378 2473 631 2550 primum
663 2474 1012 2553 scripseratz
1057 2468 1271 2552 χρόνος
1303 2468 1359 2532 δ’
1399 2470 1499 2533 ἐπὶ
1532 2473 1924 2552 πρυμνησίων
1951 2473 2334 2551 ξυνεμβολαῖς
2363 2488 2527 2553 ψαμ-

373 2576 507 2652 μίας
553 2570 779 2645 ἆκάτας
822 2571 1204 2655 παρήβησεν,
1270 2598 1527 2658 quorum
1572 2581 1897 2641 verborum
1956 2583 2117 2639 esset
2160 2580 2526 2640 constructio

368 2682 545 2740 haec:
589 2673 799 2757 χρόνος
845 2676 909 2739 δὲ
953 2673 1298 2758 παρήβησεν
1343 2677 1442 2740 ἐπὶ
1489 2679 1878 2757 ξυνεμβολαῖς
1921 2681 2313 2761 πρυμνησίων
2357 2694 2524 2758 ψαμ-

368 2782 505 2859 μίας
550 2776 776 2853 ἆκάτας
833 2788 1109 2863 „tempus
1167 2785 1453 2845 defloruit
1513 2790 1653 2864 post
1707 2806 2080 2846 communem
2136 2785 2525 2863 injectionem

367 2888 691 2947 rudentum
749 2886 926 2946 navis
985 2886 1051 2944 in
1112 2908 1295 2947 arena
1353 2888 1608 2946 stantis“
1668 2890 1767 2967 (cf.
1814 2890 1999 2949 Thuc.
2031 2891 2090 2962 I,
2138 2889 2276 2963 108,
2323 2893 2393 2948 5:
2462 2885 2525 2948 ἐν

367 2983 658 3064 ἀποβάσει
702 2990 808 3063 τῆς
851 2989 974 3066 γῆς.
1063 2988 1145 3049 11).
1179 2991 1232 3062 Ι,
1280 2995 1379 3061 36,
1428 2995 1500 3048 3:
1564 2982 1919 3068 παράπλους
1961 2992 2067 3067 τῆς
2100 2985 2394 3064 Ἰταλίας).
2438 3026 2523 3034 —

366 3093 484 3152 Sed
526 3095 715 3154 verba
774 3095 944 3169 patet
984 3090 1175 3167 magis
1234 3112 1409 3166 egere
1452 3092 1753 3152 medicina
1797 3113 1976 3172 quam
2033 3099 2102 3153 ut
2160 3098 2390 3153 certum
2448 3095 2522 3158 de

363 3196 442 3255 iis
502 3197 611 3255 fiat
659 3194 973 3272 judicium.
1037 3229 1117 3237 —-
1180 3193 1619 3269 Dignissimum
1675 3216 1854 3273 porro
1914 3201 2006 3255 est
2059 3202 2525 3258 commemoratu

367 3300 535 3364 Pers,
567 3303 722 3358 905:
775 3292 964 3379 Ξέρξᾳ
1008 3331 1092 3341 --
1119 3290 1337 3356 ’Ἅιδου
1375 3293 1386 3377 Ι
1426 3290 1670 3377 σάκτορι
1724 3298 1960 3375 Περσᾶν
2002 3325 2087 3349 =
2131 3300 2214 3380 τῷ
2258 3292 2364 3358 τόν
2388 3292 2516 3358 ‘'Aa-

367 3399 478 3477 ὁην
521 3394 761 3471 σάξαντι
810 3401 1079 3479 Περσῶν.

540 3502 604 3581 β)
650 3506 978 3585 Uterque
1023 3504 1340 3580 genetivus
1370 3503 1747 3583 possessivus
1794 3508 1885 3564 est
1927 3504 2135 3585 Suppl.
2170 3509 2325 3567 532:
2379 3499 2520 3566 Τεύ-

367 3612 627 3688 θραντος
669 3599 818 3668 όῖστυ
865 3609 1119 3667 Μυσῶν.

544 3814 728 3869 Tres
785 3812 1098 3888 genetivos
1158 3832 1291 3871 cum
1348 3834 1467 3871 uno
1527 3812 1770 3871 nomine
1821 3815 2058 3889 junctos
2117 3814 2265 3873 locis
2321 3813 2516 3874 tribus

366 3917 581 3981 videor
614 3915 760 3975 mihj
795 3914 1280 3991 deprehendisse.
1374 3915 1433 3992 1)
1479 3916 1588 3974 Oh.
1624 3920 1781 3975 221:
1826 3916 2048 3991 σαυτῆς
2080 3907 2345 3988 ἀδελφοῦ
2371 3932 2515 3992 συμ-

369 4018 586 4099 μέτρου
621 4018 700 4100 τῷ
745 4019 828 4101 σῷ
864 4011 1021 4099 κάρᾳ
1061 4016 1071 4097 Ι
1111 4012 1330 4091 σκέψαι
1364 3997 1518 4099 τομῇ
1549 4021 1885 4095 προσθεῖσα
1923 4010 2254 4096 βόστρυχον
2297 4015 2512 4098 τριχός.

370 4127 529 4186 Ordo
583 4125 907 4186 verborum
968 4142 1038 4181 ea
1096 4141 1380 4184 versuum
1439 4121 1865 4195 collocatione,
1927 4123 2092 4198 cujus
2156 4126 2366 4184 auctor
2424 4128 2516 4183 est
