3017 4759
1343 311 1729 377 ...4.-

459 460 696 547 ὅνομα.)
780 470 979 529 Bern
996 469 1059 529 h.
1119 467 1316 548 (Synt.
1373 490 1432 547 p.
1482 470 1589 548 54)
1648 471 1768 529 huc
1825 471 2052 530 referre
2110 471 2350 531 videtur
2408 471 2612 550 Suppl.

464 577 616 632 831:
680 565 880 643 ὀιζύος
939 562 1110 647 ὄνομ’
1171 568 1319 648 ἔχων
1381 571 1765 651 (componere
1829 572 1974 632 licet
2031 573 2171 633 Sall.
2228 576 2363 647 Jug.
2410 575 2516 647 IV,
2576 582 2609 635 3

455 693 711 748 „nomen
756 674 1012 733 inertiae
1054 674 1373 750 imponant
1416 676 1576 734 Hist.
1623 677 1674 752 I,
1720 678 1831 735 763
1875 676 1969 734 cui
2018 695 2235 735 nomen
2283 676 2605 738 oblivionis

457 777 893 857 condiderant).
982 778 1095 836 Sed
1157 798 1277 837 non
1339 778 1466 837 sine
1529 797 1707 837 causa
1765 771 1965 850 ὀιζύος
2008 773 2195 854 νόμον
2238 780 2336 841 vel
2395 780 2614 840 similia

457 886 850 941 correxerunt
891 880 1245 954 BurgesiuS,
1292 882 1597 955 EngeruS,
1642 881 2041 954 Hermannu8‚
2088 881 2361 941 Weilius,
2451 882 2613 961 Sept.

462 989 613 1042 882:
658 975 934 1042 θανάτου
963 978 1154 1051 τέλος.·
1198 984 1331 1061 ipsa
1374 1002 1535 1041 mors
1579 988 1671 1042 est
1716 984 1854 1042 finis
1900 1005 1944 1043 s,
1977 984 2192 1044 exitus,
2272 985 2406 1049 Qua
2448 986 2612 1045 locu-

456 1087 621 1146 tione
682 1086 906 1164 optime
952 1085 1173 1146 muniri
1230 1087 1392 1148 viam
1451 1087 1526 1145 ad
1588 1086 2064 1164 perspiciendam
2123 1089 2439 1147 formulam
2482 1089 2613 1146 Ho-

456 1190 739 1249 mericam
783 1182 1059 1247 θανάτου
1102 1184 1282 1258 τέλος.
1353 1189 1429 1249 Il.
1461 1190 1579 1263 ΙΙΙ,
1614 1195 1754 1249 309.
1804 1190 1912 1249 od.
1944 1191 2015 1264 V,
2066 1196 2207 1250 326.
2251 1191 2456 1265 XVII,
2489 1193 2611 1250 476

457 1293 591 1372 quis
649 1314 770 1352 non
830 1290 1035 1353 videt?
1122 1289 1226 1369 [cf.
1284 1294 1465 1352 etiam
1524 1293 1703 1367 Verg.
1749 1297 1899 1352 Aen.
1945 1293 2061 1371 XI,
2110 1299 2261 1355 546:
2320 1295 2440 1353 Hic
2497 1296 2609 1354 tibi

457 1396 671 1455 mortis
717 1400 891 1455 erant
933 1395 1172 1474 metae]
1245 1395 1578 1455 Persimilis
1623 1401 1717 1456 est
1754 1399 2070 1472 junctura:
2114 1399 2280 1457 Pers,
2316 1403 2456 1456 898.
2501 1401 2616 1472 Ag.

458 1502 651 1560 1417:
697 1490 970 1556 θανάτου
1014 1502 1196 1575 μοῖρα
1239 1532 1324 1542 --
1369 1519 1496 1558 sors
1544 1503 1637 1557 est
1679 1519 1837 1558 mors
1883 1534 1966 1542 -—-
2010 1502 2218 1578 (μοῖρα
2261 1500 2300 1558 i.
2350 1520 2447 1579 qu.
2492 1493 2611 1556 θοὶ-

459 1623 634 1672 νατος
660 1606 771 1677 Ag.
804 1605 991 1660 1319:
1023 1596 1349 1679 πεπαιτέρα
1373 1593 1488 1680 γοὶρ
1519 1604 1701 1679 μοῖρα
1731 1602 1838 1675 τῆς
1869 1600 2237 1680 τυραννίδος.
2292 1606 2474 1673 1220,
2501 1607 2608 1664 203

457 1700 520 1763 σὲ
579 1699 687 1781 μὲν
739 1697 857 1782 πρὸ
918 1702 1133 1783 μοίρας
1188 1706 1296 1780 τῆς
1341 1701 1487 1781 ἐμῆς
1533 1703 1890 1783 διαφθερῶ).
1980 1706 2140 1782 Sept.
2194 1709 2346 1764 891:
2404 1698 2610 1779 τάφων

453 1800 746 1889 πατρῴων
773 1805 944 1883 λαχαί
968 1834 1056 1858 =
1085 1801 1266 1882 τάφοι
1309 1809 1596 1891 πατρῷοι.
1671 1808 1833 1886 Sept.
1869 1813 2021 1868 922:
2069 1810 2253 1886 μοῖρα
2282 1800 2624 1867 διοσδότων.
2731 1797 2732 1800 “

455 1904 658 1987 ἀχέων.
726 1909 987 1969 Proinde
1032 1930 1176 1971 cave
1221 1916 1447 1970 statuas
1494 1910 1840 1985 genetivum
1884 1910 2267 1988 partitivum:
2313 1915 2423 1985 Ag.
2458 1916 2609 1970 485:

455 2009 720 2090 μεθέξειν
751 2006 1036 2086 φιλτάτου
1066 2005 1265 2087 τάφου
1296 2009 1491 2092 μέρος.
1561 2014 1664 2072 ch.
1700 2018 1852 2073 284:
1897 2014 2197 2092 κρατῆρος
2228 2009 2407 2092 μέρος
2436 2033 2609 2088 μετα-

455 2120 627 2194 σχεῖν.
714 2120 827 2192 Ag.
879 2121 1031 2176 535:
1090 2110 1318 2194 ἤματος
1362 2113 1554 2194 μέρος.
1602 2153 1684 2162 —-
1741 2116 1975 2175 Deinde
2020 2117 2256 2176 adfero:
2316 2117 2610 2194 κεραυνοῦ

455 2215 623 2295 βέλος
683 2219 844 2298 Sept.
893 2224 1034 2278 436.
1139 2221 1340 2280 πολῶν
1397 2215 1595 2291 ἔξοδοι
1657 2221 1737 2279 ib.
1787 2226 1886 2293 33,
1936 2225 2032 2278 58.
2138 2210 2399 2294 πηδάλια
2456 2221 2607 2295 χαλι-

453 2322 575 2380 νῶν
629 2313 709 2382 i'b.
762 2327 900 2406 189.
989 2315 1222 2399 μηχανὴ
1274 2316 1632 2398 συζωμάτων
1689 2322 1893 2400 Suppl.
1944 2327 2062 2380 445
2128 2321 2457 2399 (cingulum
2518 2326 2609 2380 est

451 2424 969 2501 instrumentum),
1029 2418 1262 2500 μηχανὴ
1308 2416 1693 2502 πτερώματος
1749 2426 1862 2498 frg.
1916 2429 2034 2482 129
2096 2418 2343 2503 πύργων
2386 2422 2608 2506 βαθείᾳ

454 2528 689 2609 μηχανῇ
746 2525 953 2604 Suppl.
1002 2531 1142 2585 923.
1244 2528 1556 2592 Quomodo
1616 2526 1803 2600 igitur
1862 2527 1984 2586 sint
2045 2526 2400 2605 explicanda
2459 2546 2610 2608 quae

451 2629 704 2703 legimus
749 2629 928 2707 Soph.
975 2630 1073 2688 Ai.
1126 2634 1278 2687 159:
1341 2621 1575 2707 πύργου
1620 2625 1801 2704 ῥῦμα.
1890 2630 2100 2689 Trach.
2150 2635 2304 2690 615:
2365 2631 2612 2708 σφραγῖ-

455 2730 560 2802 δος
618 2727 772 2809 ἕρκει
817 2731 1039 2809 (Schol.
1084 2733 1567 2809 περιφραστικῶς
1623 2731 1696 2814 τῇ
1759 2730 2071 2810 σφραγῖδι)
2131 2733 2451 2809 praecipue
2515 2732 2609 2789 Ai.

463 2835 662 2892 10763
708 2828 1028 2912 πρόβλημα
1071 2826 1276 2909 φόβου
1321 2831 1423 2892 καὶ
1467 2831 1680 2903 αἰδοῦς
1724 2830 1948 2912 (φόβος
1979 2841 2039 2894 et
2068 2828 2253 2904 αἰδώς
2293 2836 2425 2913 ipsa
2470 2841 2611 2894 sunt

455 2935 778 3015 praesidia)
835 2956 980 2995 num
1037 2937 1403 3017 relinquitur
1461 2938 1527 2996 in
1587 2937 1862 2997 incerto?
1946 2939 2171 2997 Errant
2227 2939 2613 2999 vehementer

457 3035 528 3099 si*
555 3040 656 3121 qui
702 3040 851 3099 alios
884 3060 1012 3099 esse
1055 3040 1141 3101 ibi
1189 3041 1499 3116 genetivos
1540 3042 1832 3117 judicant.
1862 3076 1946 3085 —-
1991 3042 2106 3100 Sed
2150 3041 2382 3121 reliqua
2410 3044 2611 3103 videa-

459 3163 590 3203 mus
636 3143 909 3221 exempla
952 3145 1117 3203 Pers,
1161 3144 1317 3205 7063
1366 3145 1610 3221 Λοιμοῦ
1654 3137 1918 3220 σκηπτός
1958 3178 2041 3188 --
2084 3144 2217 3220 ipsa
2261 3144 2611 3220 pestilentia

457 3252 549 3306 est
603 3246 839 3307 irruens
885 3247 1206 3307 calamitas,
1253 3283 1337 3292 --
1397 3248 1604 3326 Snppl.
1653 3252 1805 3306 634:
1866 3239 2021 3323 ἥβας
2065 3237 2258 3313 ἄνθος
2315 3237 2611 3323 ἄδρεπτον

458 3346 606 3408 ἔστω
644 3350 959 3427 (juventus
987 3376 1075 3400 =
1103 3352 1232 3409 flos,
1265 3353 1430 3410 Pers,
1468 3357 1568 3422 61,
1616 3354 1757 3422 252,
1805 3354 1945 3408 904.
1993 3351 2102 3422 Ag.
2141 3353 2277 3407 184.
2326 3350 2425 3408 Pr.
2459 3350 2610 3425 422)

459 3470 656 3531 neque
698 3453 886 3511 multo
933 3472 1103 3511 secus
1147 3453 1510 3528 intellegam.
1580 3452 1744 3509 Pers,
1779 3454 1935 3508 901:
1979 3442 2205 3527 κόσμος
2248 3445 2487 3530 ἀνδρῶν
2527 3486 2610 3497 —

460 3559 874 3613 ornamentum
942 3556 1097 3634 quod
1164 3555 1311 3616 viris
1375 3554 1718 3614 continetur
1775 3586 1878 3612 -—.
1980 3556 2093 3628 Ag.
2159 3559 2312 3614 291:
2387 3549 2613 3631 θεσμός

460 3648 672 3733 πυρός.
739 3650 966 3731 θεσμός
994 3659 1110 3717 hoc
1151 3658 1284 3716 loco
1328 3658 1389 3715 id
1437 3661 1530 3715 est
1574 3656 1730 3736 quod
1775 3655 2121 3716 institutum
2158 3663 2264 3720 est.
2338 3659 2608 3732 Engerus

464 3759 697 3818 confert
738 3761 910 3819 Eum.
959 3765 1105 3819 6043
1163 3756 1305 3830 λέξω
1351 3751 1506 3836 πρός
1562 3735 1720 3833 ὑμᾶς
1764 3758 2040 3838 (judices)
2085 3752 2243 3819 τόνδ’
2286 3753 2609 3834 Ἀθηναίας

461 3896 545 3907 --
589 3854 821 3937 θεσμόν
863 3855 1255 3940 (θεσμόνοεῐ
1298 3861 1596 3940 appositio
1642 3862 1714 3921 ad
1760 3852 1941 3938 ὑμᾶς)
1987 3897 2088 3921 -.
2160 3858 2381 3921 τέκνων
2423 3854 2610 3938 βάρος

463 3966 568 4026 Ch.
617 3970 758 4025 989.
846 3964 1046 4038 Digna
1104 3985 1282 4043 porro
1344 3970 1483 4025 sunt
1542 3984 1694 4045 quae
1747 3971 2284 4025 commemorentur
2336 3971 2447 4041 Ag.
2497 3971 2607 4023 93:

461 4066 738 4146 χρίματος
779 4057 965 4145 ἆγνοῦ
1009 4069 1298 4143 μαλακαῖς
1343 4058 1610 4127 ἀδόλοισι
1652 4065 2060 4147 παρηγορίαις.
2136 4067 2473 4147 παρηγορία
2517 4074 2609 4126 est

464 4171 871 4246 ‚,fomentum“
929 4169 1085 4229 idem
1144 4169 1320 4248 plane
1378 4170 1586 4233 valens
1643 4176 1823 4249 atque
1876 4164 2269 4251 παρηγόρημα
2326 4173 2437 4245 frg.
2484 4176 2605 4229 413
