3017 4759
1345 317 1778 382 -19‚..

478 463 738 549 τριχός
796 462 850 533 δ’
894 465 1182 551 ὀρθίας
1240 463 1674 554 πλόκαμος
1731 471 1981 535 ἵσταται.
2068 475 2267 537 Schol.
2314 477 2427 537 M.:
2489 470 2642 536 κατὰ

477 570 839 650 περίφρασιν
897 564 939 648 ἦ
996 571 1154 652 θρίξ.
1214 609 1300 618 ——-·
1361 568 1591 648 φύσις
1649 576 1853 655 Suppl.
1901 579 2059 638 4792
2120 575 2359 657 μορφῆς
2418 569 2472 636 δ’
2531 572 2642 655 οὐχ

476 664 800 749 ὁμόστολος
845 668 1026 747 φύσις
1072 678 1146 735 cf.
1193 678 1484 736 Abresch.
1533 678 1668 738 adn.
1716 698 1770 737 a.
1815 680 1877 738 h.
1922 680 1962 739 1.
2046 659 2053 664 ι

646 778 781 836 Ηοο
822 778 884 836 in
933 799 1150 853 genere
1196 779 1739 860 circumloquendi,
1798 788 1867 840 ut
1911 803 2040 842 rem
2081 782 2260 860 plene
2306 783 2629 843 cumulate-

478 899 594 958 que
637 880 974 958 perficiam,
1035 903 1158 941 non
1205 882 1643 956 neglegendum
1689 892 1781 941 est
1825 879 2081 959 δέμας,
2145 886 2257 945 etsi
2305 887 2639 963 Aeschylus

445 1001 766 1061 *nusquam
811 983 1084 1059 ad'ffiungit
1131 984 1480 1058 genetivum
1525 984 1926 1062 possessivum
1972 988 2076 1045 sed
2121 992 2225 1046 aut
2274 988 2638 1065 adjectivum

471 1092 726 1162 usurpat
783 1105 892 1162 pro
956 1106 1025 1145 eo
1082 1086 1346 1164 positum
1393 1086 1473 1163 (v.
1521 1086 1683 1145 infra
1726 1109 1784 1165 p.
1819 1086 1925 1164 20)
1970 1090 2141 1147 Eum.
2192 1094 2303 1149 84:
2365 1086 2467 1148 καὶ
2524 1083 2636 1168 γάρ
2735 1167 2738 1172 Ι

472 1191 704 1246 κτανεῖν
736 1179 788 1245 σ’
817 1186 1019 1248 ἔπεισα
1065 1210 1247 1268 μητρ
1265 1190 1355 1268 ῷο
1375 1210 1407 1245 ν
1454 1184 1587 1264 δέμ
1607 1211 1643 1246 α
1661 1209 1690 1257 ς
1735 1193 1840 1249 aut
1875 1209 2205 1266 pronomen
2235 1191 2638 1267 possessivum

470 1291 569 1349 Pr.
610 1292 758 1350 147:
800 1283 905 1348 σὸν
937 1287 1120 1365 δέμας
1152 1289 1487 1349 εἰσιδοῦσαν
1517 1286 1757 1369 πέτραις
1788 1285 2357 1370 προσαυαινόμενον.
2437 1295 2631 1352 1017:

471 1385 697 1470 κρύψει
742 1388 924 1467 δέμας
967 1386 1032 1451 td
1078 1388 1203 1452 σόν.
1291 1398 1482 1453 105οε
1530 1391 1725 1470 ῥίψειε
1772 1389 1955 1468 δέμας
2001 1388 2243 1468 τούμόν.
2322 1397 2396 1455 cf.
2442 1395 2625 1474 Soph.

436 1499 614 1568 AAnt.
649 1499 789 1554 945.
836 1495 934 1555 Tr.
971 1501 1110 1555 908.
1160 1497 1229 1553 Ο.
1262 1497 1325 1555 O.
1367 1500 1543 1554 1550.
1613 1496 1984 1555 Homerus
2027 1497 2143 1555 hoc
2190 1497 2632 1559 substantivum

469 1616 792 1677 numquam
838 1598 912 1655 ad
958 1597 1546 1657 circumlocutionem
1593 1597 1857 1657 adhibet.

640 1754 724 1809 At
786 1750 950 1809 illius
1013 1751 1272 1830 denique
1333 1771 1477 1821 usus
1543 1750 1891 1823 Homerici,
1962 1769 2079 1829 quo
2144 1751 2365 1811 dicitur
2425 1753 2638 1832 κοῦροι

464 1843 749 1928 Ἀχαιῶν,
824 1843 949 1920 υἷες
1009 1845 1259 1928 Ἀχαιῶν
1324 1874 1512 1912 unum
1577 1859 1815 1914 tantum
1879 1853 2002 1927 legi
2071 1854 2410 1933 exemplum
2477 1856 2633 1932 apud

466 1954 834 2031 Aeschylum
880 1955 1041 2013 Pers.
1089 1960 1241 2013 400:
1289 1953 1496 2025 παῖδες
1538 1946 1849 2032 Ἑλλήνων.
1930 1955 2022 2015 De
2059 1957 2407 2036 periphrasi
2455 1977 2632 2038 quam

465 2056 699 2115 faciunt
742 2076 920 2117 voces
966 2051 1168 2126 πέδον,
1217 2053 1386 2126 πλάξ,
1434 2044 1622 2127 οὖδας
1666 2064 1777 2118 etc.
1826 2058 2123 2136 copiosius
2156 2060 2273 2118 erit
2317 2060 2625 2137 disputan·

467 2158 607 2219 dum
651 2160 813 2219 infra
857 2160 921 2217 in
969 2159 1106 2218 adn.

1481 2294 1620 2373 §5-

637 2414 998 2492 Saepissime
1041 2415 1378 2492 Aeschylus
1424 2413 1742 2490 adjectivis
1790 2434 1826 2473 a
1874 2414 2217 2475 nominibus
2263 2422 2324 2476 et
2368 2418 2628 2494 propriis

467 2523 528 2576 et
571 2518 955 2596 appellativis
1001 2518 1274 2577 deductis
1315 2517 1509 2577 utitur
1551 2537 1661 2594 pro
1708 2517 1989 2591 genetivo
2036 2520 2373 2596 possessivo
2420 2521 2626 2597 (Hunc

463 2619 750 2700 loquendi
795 2641 1021 2682 morem
1066 2641 1144 2679 ne
1189 2641 1224 2679 a
1254 2621 1589 2697 subjective
1637 2625 1698 2679 et
1744 2618 2041 2696 objectivo
2075 2622 2313 2702 quidem
2346 2623 2625 2698 genetivo

463 2723 725 2781 alienum
786 2744 914 2783 esse
972 2724 1134 2782 infra
1193 2723 1531 2783 videbimus
1575 2745 1633 2801 p.
1675 2727 1752 2780 29
1801 2728 1864 2781 et
1908 2723 2032 2800 34).
2123 2725 2240 2784 Sed
2301 2747 2421 2785 non
2482 2727 2627 2785 satis

465 2826 537 2883 de
580 2828 695 2885 hac
737 2846 804 2886 re
849 2825 1200 2884 disseruisse
1245 2825 1393 2883 mihi
1438 2821 1723 2886 videntur
1764 2824 1881 2884 viri
1927 2826 2107 2899 docti,
2157 2830 2430 2904 quamvis
2475 2849 2623 2887 non-

466 2926 630 2984 nulla
670 2927 847 2986 utilia
890 2928 1158 3005 dispersa
1204 2928 1327 2986 sint
1368 2927 1434 2985 in
1479 2930 1642 2987 notis
1688 2931 1752 2986 et
1794 2931 2257 2989 commentariis.

636 3030 716 3087 Et
758 3030 1017 3105 primum
1063 3030 1301 3109 quidem
1344 3030 1643 3106 adjectiva
1684 3050 1761 3088 ex
1790 3030 2133 3090 nominibus
2172 3032 2436 3110 propriis
2483 3033 2624 3091 ficta

461 3151 872 3192 recenseamus
896 3134 981 3210 ¹)=
1042 3134 1418 3212 Frequenter
1474 3132 1734 3209 primum
1795 3139 1855 3191 et
1915 3134 2161 3192 adsidue
2222 3139 2421 3193 exstat
2466 3135 2618 3210 adj.:

594 3317 643 3386 1)
680 3320 759 3366 De
793 3320 1058 3368 Homerico
1107 3321 1282 3366 talium
1316 3318 1675 3379 adjectivorum
1711 3331 1804 3365 usu
1839 3318 1974 3365 haud
2022 3318 2172 3367 fuerit
2214 3319 2436 3379 ineptum
2472 3334 2620 3379 quae-

428 3387 588 3464 vfrere:
628 3402 677 3466 a)
714 3404 936 3453 decies
972 3420 1031 3452 ea
1065 3409 1382 3465 apponuntur
1418 3403 1737 3451 substantivo
1764 3400 1864 3469 βία,
1901 3404 2034 3464 quod
2057 3404 2335 3465 periphrasi
2357 3404 2427 3469 (v.
2450 3419 2498 3466 p.
2527 3407 2613 3471 15)

455 3488 665 3536 inservit
698 3485 751 3556 α)
787 3495 885 3537 ter
918 3491 969 3537 in
997 3490 1227 3551 Odyssea
1261 3504 1321 3537 ac
1355 3488 1697 3535 tantummodo
1732 3488 1785 3535 in
1818 3489 1949 3537 libro
1974 3489 2061 3536 XI.
2096 3505 2144 3537 v.
2183 3491 2299 3549 290,
2340 3493 2455 3551 296,
2493 3494 2608 3540 601.

454 3571 504 3639 β)
541 3575 800 3635 septies
837 3576 889 3623 in
923 3576 1083 3623 Iliade
1107 3578 1169 3634 11,
1207 3577 1321 3634 658,
1359 3576 1474 3623 666.
1517 3575 1606 3632 1v,
1645 3577 1762 3623 ese.
1799 3575 1861 3634 V,
1901 3576 2015 3623 638.
2054 3575 2144 3635 xl,
2183 3580 2297 3626 690.
2338 3577 2450 3637 XV,
2490 3581 2607 3626 640.

452 3660 590 3722 XIX,
627 3665 711 3711 98.
784 3662 840 3721 b)
874 3661 1190 3709 undecies
1241 3660 1440 3708 rebus
1488 3675 1639 3720 quam
1687 3660 1797 3720 quis
1847 3661 2100 3720 possidet,
2148 3661 2455 3709 adiciuntur:
2509 3661 2605 3708 Od.

450 3746 639 3807 XVIII,
673 3748 800 3796 353:
851 3742 1128 3809 Ὀδυσήϊον
1179 3742 1233 3803 ἐς
1269 3741 1423 3809 δόμον
1458 3737 1594 3809 ἥκει.
1666 3747 1728 3792 ΙΙ.
1764 3746 1952 3802 XVIII,
1991 3749 2071 3804 60,
2108 3749 2240 3795 441:
2288 3741 2445 3809 δόμον
2481 3743 2606 3810 Πη-

451 3828 602 3897 λήϊον.
653 3833 715 3879 11.
751 3832 818 3890 Π,
855 3833 984 3879 506:
1022 3824 1178 3896 ἄλσος
1215 3826 1508 3894 Ποσιδήϊον.
1564 3831 1625 3889 Χ,
1667 3833 1795 3880 326:
1833 3828 1896 3892 νῆ
1932 3823 2358 3894 Ἀγαμεμνονέην.
2411 3830 2604 3890 XXIII,

453 3919 580 3965 295:
620 3915 780 3980 Αἴθην
815 3918 904 3977 (sc.
943 3913 1112 3976 ἵππον)
1148 3910 1241 3979 τήν
1277 3909 1703 3981 Ἀγαμεμνονέην.
1754 3916 1823 3962 ib.
1854 3916 1981 3962 525:
2018 3912 2170 3965 ἵππου
2205 3914 2304 3977 τῆς
2341 3909 2603 3980 Ἀγαμεμ-

447 4000 632 4066 νονέης.
703 4002 798 4048 Od.
838 4002 928 4060 XI,
975 4002 1102 4048 634:
1157 4001 1216 4047 11.
1253 4000 1315 4060 V,
1364 4002 1488 4049 741:
1543 3998 1793 4065 Γοργείην
1844 3994 2075 4063 κεφαλήν
2124 4000 2305 4050 δεινοῖο
2353 3994 2599 4065 πελώρου.

445 4088 503 4134 11.
539 4089 606 4147 Π,
645 4088 741 4135 54:
790 4083 1057 4151 Νεστορέῃ
1093 4080 1230 4149 παρὰ
1267 4082 1354 4149 νηῒ
1384 4081 1718 4149 Πυλοιγενέος
1754 4081 2013 4150 βασιλῆος.
2085 4083 2142 4131 11.
2182 4085 2277 4147 XI,
2313 4087 2440 4134 59⁷:
2490 4083 2600 4148 Νη-

446 4169 585 4236 λήϊαι
635 4170 791 4224 ἵπποι.
878 4168 924 4237 c)
977 4169 1258 4217 vocibus
1319 4166 1465 4226 υἱός
1526 4173 1725 4228 atque
1783 4159 2025 4233 ἄλοχος
2075 4170 2348 4217 adduntur:
2410 4167 2599 4227 Αἴας,

2089 4260 2126 4312 2
2152 4252 2192 4287 ff·
