3017 4759
46 590 53 623 ..ι-ω
46 554 51 583 ⁵1„
38 50 51 545 Ἥρωι--.ᾖμμ--ὴῌ-ι--Ἷμ-ικι-..ημ-μ-

50 950 53 975 n.
50 908 53 935 „g
46 668 55 897 *fflm-*Wss
48 634 53 655 «ι

58 2022 61 2033 ὲ
58 1974 61 1981 Α
56 1896 61 1919 ,Γ-
58 1880 59 1885 Α
56 1810 61 1873 “4⁴
56 1788 59 1801 μ
44 1190 59 1779 mQ—„*⁴—ffiffid—bffl.m
50 1136 57 1179 ...ιω
52 1076 55 1127 η-ι-
48 1018 57 1065 ..m-c
50 1002 53 1011 ⁴
50 984 53 993 μ

1385 329 1861 395 -112--

542 475 762 553 πολλὰς
822 474 1065 542 ἄνωθεν
1120 475 1383 562 ἀρτάνας
1443 480 1591 560 ἐμῆς
1650 479 1826 562 δέρης
1884 479 2099 542 ἔλυσαν
2154 475 2316 543 ἄλλοι
2367 475 2523 564 πρὸς
2564 480 2704 561 βίαν

544 580 901 661 λελημμένης
944 587 1168 647 tradita
1199 591 1291 646 est
1335 585 1635 664 scriptura
1665 581 2035 668 λελημμένης.
2103 585 2488 645 Blomfieldus
2516 586 2702 660 λελιμ-

544 683 725 763 μένης
768 707 962 769 „quae
1007 694 1258 749 mortem
1302 687 1632 767 appetivi“‚
1680 708 1797 769 qua
1829 689 2245 748 emendatione
2276 707 2420 747 num
2461 686 2704 762 linguae

543 791 734 850 indoli
794 791 871 852 sit
933 796 1401 851 consentaneum
1458 793 1759 868 objectum
1815 791 1977 849 istud
2021 795 2329 870 tamquam
2373 810 2451 849 ex
2492 789 2705 848 inferis

542 896 818 970 repetere
879 893 1269 954 vehementer
1333 914 1441 968 ego
1505 893 1733 954 dubito.
1836 892 1927 952 De
1988 892 2174 953 variis
2236 895 2311 952 ab
2375 893 2704 953 editoribus

547 994 902 1069 excogitatis
947 996 1309 1074 conjecturis
1356 997 1564 1056 confer
1606 995 2051 1058 Schneidewini
2098 995 2547 1055 adnotationem
2590 994 2706 1056 cri-

545 1097 746 1156 ticam.
2602 1171 2608 1177 Ι

718 1192 1106 1281 ὀρέγομαι.
1196 1201 1454 1279 Proprio
1510 1205 1749 1260 tantum
1809 1200 2152 1275 significatu
2193 1199 2525 1280 ,‚(manum)
2569 1220 2706 1277 por·-

545 1303 784 1377 rigere“
826 1303 1067 1365 videtur
1120 1308 1474 1382 usurpatum
1534 1323 1663 1363 esse
1708 1305 1821 1378 Ag.
1878 1307 2067 1363 1065:
2128 1301 2423 1384 προτείνει
2477 1297 2542 1362 δὲ
2582 1298 2705 1380 χεὶρ

549 1402 615 1465 ἐκ
659 1397 826 1484 χερός
870 1399 1212 1486 ὄρεγομένα.

721 1505 1000 1586 ἱμείρω.
1069 1509 1315 1587 Recipit
1356 1510 1702 1585 genetivum
1747 1508 1835 1568 rei
1874 1511 1984 1583 Ag.
2021 1513 2177 1569 904:
2222 1506 2467 1588 ἱμείρειν
2496 1501 2706 1585 μάχης,

547 1610 920 1671 infinitivum
963 1611 1129 1671 Pers.
1176 1617 1330 1672 233:
1377 1603 1550 1688 τήνδε
1594 1611 1865 1689 θηρᾶσαι
1906 1602 2097 1670 πόλιν.

719 1733 799 1791 χρ
820 1705 972 1796 ῄζω.
1041 1715 1176 1773 Uno
1217 1719 1462 1792 excepto
1507 1715 1640 1774 loco
1671 1733 1859 1794 aeque
1889 1717 2071 1792 atque
2103 1713 2494 1792 compositum
2526 1704 2708 1790 πρόσ-

549 1808 742 1897 χρῄζω
787 1814 906 1873 nisi
961 1815 1026 1874 in
1070 1817 1432 1877 Prometheo
1478 1837 1599 1876 non
1654 1815 1895 1890 legitur.
1946 1847 2022 1857 —
2070 1816 2188 1876 Ubi
2234 1815 2538 1892 significat
2576 1815 2709 1889 „in-
2824 1814 2830 1821 ’

550 1917 795 1993 digere“
840 1936 972 1976 cum
1016 1918 1298 1992 genetivo
1346 1918 1736 1996 conjungitur
1779 1923 1841 1976 et
1883 1936 2175 1995 personae
2218 1919 2320 1980 Pr.
2363 1918 2516 1977 378:
2563 1913 2710 1994 ἐμοῦ

551 2011 912 2079 διδασκάλου
941 2012 1169 2103 χρῄζεις
1214 2026 1275 2081 et
1316 2023 1405 2081 rei
1453 2022 1559 2082 Ch.
1596 2022 1751 2080 517:
1794 2018 1954 2090 τίνος
1997 2017 2187 2099 βορᾶς
2228 2013 2524 2103 χρῄζοντα.
2592 2019 2710 2081 Ve-

549 2143 685 2184 rum
743 2123 791 2182 si
853 2123 995 2182 huic
1039 2126 1222 2185 verbo
1284 2127 1556 2201 subjecta
1614 2127 1704 2183 est
1762 2122 1856 2184 vis
1908 2123 2252 2197 „desiria-o,
2315 2122 2709 2201 concupisco“

551 2225 923 2285 accusativus
966 2225 1056 2285 rei
1102 2225 1500 2303 (pronominis
1531 2225 1829 2303 neutrius)
1873 2226 2121 2303 ponitur
2164 2226 2263 2286 Pr.
2301 2225 2421 2284 927
2440 2247 2455 2285 ε
2503 2218 2543 2283 ἃ
2572 2216 2712 2307 χρῄ-

552 2331 681 2400 ζεις.
754 2329 843 2387 ib.
874 2333 1030 2387 983:
1079 2324 1233 2406 ἐρεῖν
1278 2325 1476 2398 ἔοικας
1521 2321 1698 2388 οὐδὲν
1735 2314 1821 2386 οἷν
1864 2320 2057 2411 χρῄζει
2101 2320 2313 2407 πατήρ.
2382 2327 2482 2405 (de
2527 2331 2712 2386 attra-

555 2431 754 2490 ctione
801 2431 938 2491 vide
985 2430 1157 2490 Rich.
1208 2432 1526 2491 Forster
1567 2432 1681 2506 „de
1740 2430 2119 2490 attractionis
2177 2450 2290 2489 usu
2333 2429 2711 2508 Aeschyleo“

551 2555 609 2611 p.
649 2533 767 2611 13).
843 2532 1192 2594 Infinitivus
1238 2533 1510 2612 sequitur
1553 2535 1830 2608 Pr..236,
1874 2537 2020 2614 248,
2070 2533 2211 2606 287,
2260 2538 2401 2607 699,
2453 2533 2592 2593 736.
2623 2566 2711 2576 —-

553 2634 950 2711 Participium
980 2631 1335 2712 κεχρημένος
1378 2635 1478 2715 (de
1522 2637 1714 2694 forma
1743 2656 1797 2696 v.
1830 2633 2107 2694 Dindorf.
2137 2635 2254 2695 lex.
2290 2637 2505 2697 Aesch.
2550 2656 2594 2695 s.
2626 2633 2714 2713 v.)

554 2736 861 2815 aptissime
921 2737 1289 2797 construitur
1348 2757 1483 2796 cum
1543 2737 1848 2797 infinitivo
1905 2737 2071 2798 Pers.
2120 2742 2275 2798 820:
2339 2731 2495 2816 πρός
2551 2727 2715 2795 ταῦτ’

556 2835 782 2898 ἐκεῖνον
828 2841 1161 2918 σωφρονεῖν
1203 2834 1551 2916 κεχρημένοι
1591 2833 1601 2921 ι
1641 2829 1938 2896 πινύσκετ’
1968 2831 2260 2918 εὐλόγοισι
2309 2832 2712 2916 νουθετήμασι

554 2948 662 3017 „ut
704 2940 810 3000 ille
844 2939 1109 3018 prudens
1155 2940 1234 3000 sit
1265 2945 1598 3018 optantes“.
1666 2941 1765 3002 Sic
1795 2941 2035 3022 quidem
2064 2942 2262 3003 locum
2294 2942 2717 3003 difficillimum

555 3065 729 3123 posse
777 3044 1022 3103 enodari
1070 3065 1179 3120 ego
1227 3046 1420 3106 credo.
1814 3042 1819 3045 ’

729 3146 1137 3225 Compositum
1200 3141 1541 3231 προσχρῄ
1553 3148 1705 3221 ζειν
1761 3149 1855 3207 bis
1916 3153 2132 3213 exstat.
2227 3148 2562 3223 Legitimus
2621 3154 2719 3208 est

558 3252 932 3312 accusativus
975 3251 1248 3310 neutrius
1292 3251 1684 3330 pronominis·
1710 3251 1810 3310 Pr.
1861 3254 2011 3311 640:
2055 3251 2178 3310 πᾶν
2224 3243 2370 3330 ὅπερ
2416 3245 2713 3334 προσχρῄ·

553 3355 690 3426 ζετε.
778 3354 858 3413 ib.
908 3353 942 3412 7
954 3359 1062 3414 85:
1109 3355 1229 3411 πᾶν
1272 3347 1416 3414 ὅσον
1459 3345 1862 3437 προσχρῄζετε.

727 3457 928 3518 Verba
972 3456 1496 3537 consequendi
1544 3462 1685 3515 sunt
1726 3457 1909 3516 haec:

729 3551 1081 3637 τυγχάνω.
1171 3559 1251 3617 Et
1309 3560 1468 3617 bono
1531 3564 1593 3618 et
1647 3558 1805 3616 malo
1866 3576 2045 3616 sensu
2103 3562 2444 3635 usurpatur.
2536 3557 2719 3617 27ies

556 3661 780 3737 legitur
824 3680 958 3720 cum
1001 3661 1282 3735 genetivo
1295 3705 1311 3734 ,
1374 3665 1646 3741 quater
1703 3679 1835 3718 cum
1890 3659 2169 3734 genetivo
2215 3680 2507 3737 personae
2550 3660 2718 3737 Sept.

565 3770 760 3827 1048:
806 3764 1038 3823 πολλῶν
1081 3756 1481 3841 πενθητήρων
1517 3753 1715 3845 τεύξῃ.
1805 3764 1918 3836 Ag.
1970 3766 2122 3822 160:
2169 3764 2526 3843 τριακτῆρας
2569 3760 2721 3840 οἷ’χε-

559 3889 655 3927 ται
699 3860 907 3944 τυχών.
993 3865 1075 3925 ib.
1127 3867 1322 3924 1028:
1383 3866 1696 3944 θρηνητοῦ
1753 3867 1942 3941 τυχεῖν
1992 3864 2076 3944 (v.
2124 3869 2249 3923 not.
2293 3865 2718 3943 Schneidew.).

561 3971 764 4048 Suppl.
815 3975 970 4029 148:
1029 3960 1111 4045 μή
1154 3969 1438 4044 τυχοῦσαι
1483 3968 1649 4026 θεῶν
1690 3958 2032 4041 Ὀλυμπίων
2091 3966 2326 4045 (sensus
2372 3973 2464 4026 est
2505 3987 2580 4042 „a
2624 3968 2724 4026 dis

561 4073 819 4147 rejectae
865 4077 925 4131 et
970 4069 1407 4148 contemptae“)
1441 4070 1612 4129 23ies
1644 4089 1775 4129 cum
1807 4069 2086 4143 genetivo
2117 4069 2236 4129 rei:
2282 4071 2516 4146 objecta
2546 4074 2722 4129 sunt:

564 4173 664 4235 Pr.
698 4171 853 4229 273:
899 4165 1124 4250 ἐρήμου
1170 4164 1388 4251 πάγου.
1466 4172 1548 4232 ib.
1584 4177 1723 4230 648.
1770 4175 1881 4246 Ag.
1916 4170 2057 4231 727.
2102 4172 2216 4246 frg.
2251 4175 2351 4246 41,
2384 4177 2455 4233 2:
2500 4165 2718 4254 γάμου.
