3017 4759
1210 319 1635 384 ..29-

1352 560 1385 639 S
1434 568 1492 622 2.
1583 569 1590 575 ’

508 682 814 756 Singulari
875 682 1056 741 etiam
1116 681 1351 741 ratione
1412 701 1548 755 gen.
1596 683 1748 757 subj.
1796 679 2145 741 societatem
2204 680 2323 739 init
2367 701 2499 740 eum

341 771 635 845 concretis
681 785 1074 847 substantivis
1106 784 1308 864 qualia
1353 789 1519 843 sunt:

512 882 775 967 στύγος
817 890 978 966 Sept.
1013 893 1166 947 636:
1214 875 1262 946 ὦ
1293 882 1591 963 θεομανές
1634 905 1696 945 τε
1738 881 1840 945 καὶ
1885 887 2051 946 θεῶν
2087 882 2236 966 μέγα
2265 879 2500 965 στύγος,

341 977 389 1049 ὦ
433 984 858 1070 πανδάκρυνον
902 983 1059 1067 άμὸν
1111 987 1369 1049 Οἰδίπου
1413 986 1599 1068 γένος.
1690 989 1797 1048 011.
1849 995 2041 1050 1025:
2096 983 2502 1066 πατροκτόνον

340 1092 564 1170 μίασμα
622 1090 725 1152 καὶ
786 1094 952 1153 θεῶν
1009 1088 1223 1172 στύγος
1284 1112 1362 1152 se.
1424 1086 1664 1170 μητέρα.
1770 1091 1851 1151 ib.
1901 1091 2054 1152 751:
2118 1087 2199 1168 μή
2259 1113 2368 1151 νυν
2426 1086 2501 1151 σύ

338 1189 499 1254 ταῦτ’
543 1189 775 1275 ἄγγελλε
819 1189 1115 1255 δεσπότου
1166 1194 1175 1277 1
1230 1187 1443 1272 στύγει.
1533 1193 1729 1254 801101.
1775 1196 1858 1253 Μ.
1919 1195 2157 1275 quidem
2212 1195 2501 1254 declarat:

339 1300 421 1379 τῷ
484 1294 818 1379 μισουμένῳ
881 1289 983 1356 ὑπ’
1042 1290 1506 1377 Ἀγαμέμνονος.ι
1604 1299 1774 1356 Eum.
1833 1302 1988 1357 634:
2058 1285 2107 1356 ὦ
2170 1298 2502 1375 παντομισῆ

342 1393 639 1472 κνώδαλα,
684 1391 869 1479 στύγη
912 1400 1103 1472 θεῶν.1

514 1502 812 1579 μίσημα.
902 1493 1063 1581 Sept.
1116 1506 1266 1563 169:
1326 1496 1662 1581 σωφρόνων
1708 1496 2010 1580 μισήματα
2070 1502 2171 1581 (de
2225 1503 2501 1579 personis

344 1605 657 1665 mulierum
702 1608 819 1666 hoc
863 1606 1111 1680 dieitur,
1169 1626 1291 1665 non
1337 1606 1635 1684 appositio
1692 1611 1783 1666 est
1828 1607 1900 1665 ad
1948 1625 2018 1666 ea
2064 1626 2216 1685 quae
2259 1625 2503 1684 praeee-

342 1710 522 1768 dunt:
584 1706 757 1781 αἰέιν,
816 1701 1086 1781 λακάζειν
1144 1716 1214 1768 ut
1272 1708 1425 1768 falso
1486 1709 1751 1786 explieat
1792 1708 1990 1771 Schol.
2036 1711 2118 1770 M.
2180 1711 2254 1768 ef.
2301 1709 2501 1787 paullo

343 1832 524 1889 supra
569 1813 642 1872 de
698 1812 911 1871 iisdem
954 1812 1305 1871 mulieribus
1350 1833 1409 1873 v.
1461 1817 1613 1873 165:
1672 1804 1965 1891 θρέμματ’
2010 1806 2124 1872 οὐκ
2171 1805 2502 1890 ἀνασχετά).

339 1916 513 1974 Eum.
561 1916 671 1975 73:
730 1906 1003 1990 μισήματ’
1064 1907 1305 1993 ἀνδρῶν
1362 1910 1456 1973 καὶ
1521 1916 1685 1973 θεῶν
1742 1906 2107 1991 Ὀλυμπίων,
2171 1934 2252 1974 se.
2299 1916 2501 1974 Dirae.

343 2016 540 2093 (μῖσος
585 2018 792 2076 eodem
837 2017 1182 2092 signifieatu
1226 2036 1274 2077 e.
1322 2018 1441 2078 dat.
1489 2020 1602 2092 Ag.
1642 2023 1837 2077 1365:
1883 2009 2096 2087 ἄπολις
2140 2009 2193 2075 δ’
2239 2014 2364 2101 ἔσῃ,
2411 2020 2504 2093 μῖ-

340 2136 443 2190 σος
489 2111 744 2198 ὄβριμον
787 2111 1037 2196 άστοῖς).

515 2217 756 2299 σέβας.
826 2227 940 2298 Ag.
988 2226 1145 2284 493:
1188 2213 1436 2301 Ἑρμῆν,
1483 2221 1660 2295 φίλον
1702 2216 1961 2301 κήρυκα,
2006 2215 2287 2301 κηρύκων
2329 2217 2508 2298 σέβας

341 2329 381 2386 i.
431 2347 480 2386 e.
529 2324 923 2397 Mercurium,
985 2345 1161 2405 quem
1221 2344 1549 2402 praecones
1611 2325 1822 2404 (quum
1867 2327 1947 2384 sit
1991 2346 2196 2385 eorum
2239 2330 2402 2385 tutor
2446 2331 2507 2384 et

343 2427 655 2507 patronus)
701 2433 1084 2490 venerantur.
1175 2430 1322 2489 Cum
1369 2428 1571 2490 dativo
1627 2429 2000 2505 jungendum
2062 2435 2265 2488 censet
2308 2428 2505 2487 Blom-

343 2531 554 2590 fieldus
601 2532 707 2590 Oh.
762 2535 911 2591 150:
960 2523 1099 2590 κλύε
1142 2528 1208 2590 δέ
1252 2552 1377 2607 μοι,
1422 2524 1563 2590 κλύε
1606 2527 1785 2608 σέβας
1829 2531 1909 2609 (v.
1955 2532 2117 2592 infra
2161 2553 2208 2591 s.
2254 2527 2458 2607 κλύω).

1359 2717 1496 2797 §3-

516 2838 929 2916 Adjectiva
973 2857 1009 2897 a
1039 2838 1378 2898 nominibus
1410 2838 1665 2899 deducta
1693 2839 1960 2913 genetivi
2006 2837 2325 2917 subjectivi
2369 2840 2505 2899 fun-

349 2946 574 3016 guntur
603 2940 735 3002 viee
772 2941 872 3018 (cf.
904 2962 961 3018 p.
998 2941 1053 3014 7,
1100 2960 1156 3017 p.
1196 2946 1270 2999 19
1305 2960 1453 3020 sqq„
1499 2961 1555 3018 p.
1590 2945 1667 2999 33
1703 2939 1889 3021 sqq.):
1934 2941 2138 3020 Suppl.
2176 2942 2286 3001 971
2331 2934 2508 3021 ὕβρις

347 3036 719 3121 βρότειος.
821 3044 986 3103 Pers.
1036 3049 1103 3102 81
1164 3037 1376 3113 νόστος
1434 3035 1472 3101 ὅ
1527 3042 1910 3119 βασίλειος
1968 3040 2069 3102 καὶ
2130 3037 2507 3122 πολυχρύσου

348 3146 621 3225 στρατιᾶς
651 3146 750 3224 (de
781 3146 893 3205 hae
927 3148 1210 3224 junctura
1239 3166 1295 3206 v.
1327 3146 1487 3205 infra
1518 3143 1702 3221 adm).
1768 3145 2015 3221 Insigne
2046 3151 2138 3204 est
2168 3145 2506 3223 exemplum

350 3250 454 3307 011.
496 3249 688 3308 10671
735 3241 957 3324 ἆνδρὸς
999 3247 1263 3325 βασίλεια
1308 3242 1501 3324 πάθη.
1571 3245 1775 3317 δίπαις
1819 3281 1903 3291 -
1947 3248 2180 3327 θρῆνος
2225 3251 2330 3308 011.
2364 3254 2505 3308 325.

520 3351 902 3426 Adjeotivum
961 3358 1021 3411 et
1079 3351 1393 3427 genetivus
1457 3350 1672 3410 deinde
1731 3352 1965 3428 adjecta
2023 3358 2164 3411 sunt
2219 3353 2327 3410 uni
2372 3353 2509 3412 sub-

354 3453 616 3513 stantivo
676 3454 854 3513 etiam
900 3455 1002 3516 011.
1051 3460 1206 3515 489:
1268 3452 1486 3534 οἴκτιρε
1532 3456 1723 3530 θῆλον
1768 3447 2014 3533 ἄρσενός
2057 3445 2122 3512 θ’
2164 3446 2321 3532 ὁμοῦ
2366 3452 2511 3534 γόον

351 3555 544 3632 <Libri
590 3549 787 3635 γόνον,
832 3558 1191 3617 Emendavit
1236 3557 1710 3636 Bambergerus).
1779 3559 1854 3618 ef.
1901 3558 2008 3617 Od.
2043 3557 2146 3631 VI,
2200 3562 2350 3619 122:
2393 3559 2510 3633 θῆ-

350 3662 455 3727 λυς
511 3651 681 3737 ἀυτή.
772 3660 939 3720 Pers.
989 3664 1142 3719 585:
1202 3652 1564 3719 δεσπόσυναι
1614 3654 1870 3738 ἀνάγκαι
1915 3660 1996 3738 (v.
2042 3680 2099 3738 p.
2134 3661 2258 3738 28).
2347 3660 2508 3736 Sept.

355 3764 467 3819 28:
521 3755 827 3839 προσβολὴ
867 3753 1099 3839 Ἀχαιίς.
1190 3763 1353 3821 Pers.
1401 3763 1517 3822 97:
1576 3755 1984 3840 ἱππιοχάρμας
2039 3757 2305 3832 κλόνους.
2395 3766 2508 3836 Ag.

358 3866 507 3921 3891
543 3847 797 3934 οὲλόνους
824 3859 1189 3944 άσπίστορας
1215 3890 1303 3916 =
1334 3866 1619 3943 strepitus
1650 3867 2059 3944 clypeatorum
2086 3866 2168 3924 ib.
2198 3863 2513 3943 λογχίμους

354 3982 415 4021 τε
458 3960 557 4023 καὶ
603 3961 907 4042 ναυβάτας
950 3958 1290 4044 ὁπλισμούς.
1372 3969 1539 4029 Pers.
1572 3969 1716 4042 277,
1764 3973 1918 4029 334:
1962 3967 2290 4027 ναΐοισιν
2335 3964 2511 4044 ἔμβο-

353 4068 498 4137 λαῖς.
582 4067 780 4129 Schol.
826 4071 939 4132 M.:
985 4069 1364 4150 προσβολαῖς.

3001 1079 3002 1094 ἰ

2999 1121 3002 1136 1

2999 1169 3002 1178 ι

3003 1273 3004 1304 ἓ
