3017 4759
1305 257 1778 322 -120——

1494 481 1572 541 1).

771 597 1013 653 Verba
1045 596 1664 652 communicandi
1701 599 1772 648 et
1801 595 2312 662 participandi.

634 722 998 795 Genetivus,
1045 720 1151 801 qui
1193 719 1484 780 definitur
1526 719 1624 780 his
1668 719 1873 782 verbis
1891 764 1907 793 ,
1951 717 2279 796 partitivus
2324 721 2431 777 est.

634 820 942 901 μετέχω.
1018 825 1118 884 Pr.
1152 827 1306 883 335:
1353 814 1595 882 πάντων
1628 813 1944 898 μετασχών.
2013 823 2182 880 Pers.
2214 825 2363 879 538:
2408 811 2625 900 ἄλγους

465 923 825 1006 μετέχουσαι.
913 928 1086 986 Eum.
1122 930 1281 988 853:
1323 918 1522 1003 χώρας
1561 928 1879 1000 μετασχεῖν.
1969 923 2479 984 Accusativus
2520 919 2626 998 με’-

465 1050 570 1110 ρος
613 1029 714 1107 (cf.
774 1028 1008 1108 pag.⁴4)
1063 1027 1328 1088 infertur
1384 1031 1500 1104 Ag.
1535 1032 1689 1087 485:
1752 1021 2023 1103 μεθέξειν
2081 1017 2369 1101 φιλτάτου
2423 1017 2625 1098 τάφου

465 1126 659 1211 μέρος.
749 1131 857 1191 Oh.
892 1134 1046 1192 284:
1110 1131 1404 1210 κρατῆρος
1464 1126 1643 1210 μέρος
1679 1126 1690 1212 Ι
1732 1120 1880 1188 εἶναι
1926 1131 2261 1206 μετασχεῖν.
2321 1120 2395 1187 οὗ
2459 1129 2627 1202 φιλο-

467 1227 733 1295 σπόνδου
763 1228 946 1311 λιβός.
1033 1235 1423 1296 Robortellus
1455 1253 1745 1313 perverse
1790 1253 1868 1292 ex
1898 1231 2101 1292 codice
2149 1252 2253 1292 suo
2288 1231 2455 1291 dedit
2483 1252 2627 1310 κρα-

465 1339 649 1418 τῆρος
692 1332 950 1416 μέρους).

642 1440 777 1501 Uno
821 1441 954 1500 loco
999 1439 1304 1519 reperitur

642 1539 973 1620 μέτεστι,
1021 1543 1183 1622 quod
1210 1541 1700 1621 impersonaliter
1745 1561 1980 1620 semper
2023 1544 2367 1618 usurpatur.
2453 1538 2629 1597 Eum.

475 1653 627 1708 565:
687 1645 741 1706 τί
785 1644 962 1705 τοῦδε
1021 1641 1113 1705 σοὶ
1162 1640 1388 1721 μέτεστι
1432 1639 1778 1725 πράγματος
1822 1641 1964 1723 λέγε.
2056 1644 2131 1703 de
2175 1642 2379 1703 dativo
2425 1661 2633 1719 perso·

471 1771 586 1810 nae
628 1749 740 1811 vix
781 1749 976 1809 habeo
1024 1750 1185 1829 quod
1229 1768 1705 1808 commemorem.

645 1848 1117 1928 μεταδίδωμι
1148 1855 1210 1910 et
1241 1843 1785 1927 μεταλαμβάνοι
1816 1868 2144 1930 numquam
2173 1849 2334 1927 apud
2361 1849 2636 1926 Aeschy-

474 1957 603 2015 lum
642 1953 785 2030 legi.

646 2051 1063 2117 κοινωνέω.
1154 2056 1449 2118 Dativum
1491 2075 1784 2134 personae
1843 2075 1976 2114 cum
2020 2054 2303 2130 genetivo
2357 2053 2450 2113 rei
2494 2074 2636 2114 con·

478 2160 769 2221 sociatum
816 2180 1018 2220 secum
1073 2161 1260 2221 habet
1303 2160 1467 2238 Sept.
1520 2157 1682 2217 1017
1704 2179 1718 2218 3
1787 2149 2033 2216 θέλουσ’
2094 2149 2299 2215 ι’ίκοντι
2357 2146 2636 2214 κοινώνει

476 2263 695 2324 κακῶν.
807 2263 997 2323 Deest
1066 2262 1212 2322 huic
1277 2263 1464 2323 verbo
1536 2259 1777 2322 dativus
1843 2279 2135 2338 personae
2202 2259 2410 2337 Suppl.
2473 2260 2636 2318 311:

475 2363 655 2443 τῆσδε
698 2367 1008 2426 κοινωνεῖν
1051 2357 1295 2442 χθονός.
1384 2365 1491 2424 ch.
1530 2367 1684 2423 1383
1748 2356 1888 2421 νέου
1934 2355 1998 2420 δὲ
2041 2353 2249 2438 μύθου
2293 2358 2467 2421 τοῦδε
2509 2380 2637 2420 κοι-

475 2461 796 2544 νωνήσατε.

650 2590 688 2629 κ
705 2590 736 2629 ο
757 2592 827 2628 ιν
845 2563 878 2629 o'
895 2591 942 2629 ω
987 2570 1160 2649 (quid
1200 2569 1448 2629 intersit
1479 2567 1848 2629 discriminis
1891 2567 2055 2628 inter
2097 2566 2361 2628 activum
2407 2566 2468 2626 et
2509 2588 2637 2627 me-

480 2672 664 2746 dium,
711 2672 965 2751 exponit
1007 2673 1216 2730 Elmsl.
1265 2673 1342 2731 ad
1383 2671 1545 2729 Med.
1596 2669 1630 2729 7
1638 2670 1764 2748 93.)

649 2773 1021 2835 Activum
1065 2762 1232 2847 „rem
1275 2772 1542 2853 aliquam
1590 2792 1725 2831 cum
1768 2770 1905 2831 aliis
1936 2771 2411 2833 communicare“
2454 2771 2639 2830 deno-

480 2883 616 2938 tans
665 2875 1035 2937 construitur
1096 2876 1157 2954 α)
1204 2895 1339 2935 cum
1393 2875 1600 2937 dativo
1647 2895 1938 2954 personae
2000 2880 2062 2934 et
2105 2874 2446 2936 accusativo
2490 2893 2640 2933 neu-

481 2981 635 3041 trius
679 2978 1054 3060 pronominis
1099 2979 1206 3038 ch.
1255 2984 1411 3039 698:
1476 2979 1662 3035 ταῦτα
1706 2980 1831 3048 τοῖς
1875 2978 2155 3055 κρατοῦσι
2213 3006 2297 3020 —-
2352 2956 2640 3035 κοινώσο-

484 3103 606 3161 μεν.
657 3118 737 3127 ——
780 3081 1158 3154 accusativus
1217 3081 1398 3141 facile
1441 3080 1813 3156 intelligitur
1855 3080 1963 3139 Oh.
2013 3083 2167 3139 654:
2227 3069 2462 3157 ἀνδρῶν
2503 3070 2635 3136 τόδ’

485 3183 642 3246 ἐστιν
674 3182 867 3266 ἔργον,
915 3175 1008 3254 οἷς
1036 3176 1416 3260 κοινώσομεν.
1506 3181 1568 3260 β)
1614 3203 1749 3243 cum
1788 3181 1995 3244 dativo
2026 3201 2316 3260 personae
2361 3186 2424 3240 et
2466 3201 2641 3260 prae-

484 3288 784 3368 positione
843 3284 976 3367 περί
1020 3286 1302 3362 genetivo
1362 3287 1599 3346 adnexa
1642 3286 1852 3364 Suppl.
1889 3289 2045 3345 354:
2104 3279 2310 3354 ἀστοῖς
2366 3278 2432 3343 δὲ
2489 3283 2644 3343 πᾶσι
2723 3288 2736 3301 “

482 3387 670 3449 τῶνδε
713 3382 1007 3458 κοινώσας
1052 3384 1206 3467 πέρι.
1297 3388 1396 3449 Sic
1456 3388 1618 3447 enim
1678 3387 1899 3447 codicis
1957 3386 2280 3447 lectionem
2325 3380 2519 3444 ἀστῶν
2575 3379 2643 3445 δὲ

486 3495 633 3552 πᾶσι
679 3489 872 3552 τοῖσδε
918 3490 1266 3552 emendavit
1307 3491 1576 3566 Scaliger
1621 3491 1777 3557 conf.
1822 3510 1958 3568 pag.
1996 3493 2095 3548 45.

657 3593 998 3655 Medium
1058 3585 1372 3668 κοινόομαι
1430 3593 1632 3667 „inter
1692 3613 1754 3652 se
1801 3591 2279 3652 communicare“
2322 3588 2642 3664 designans

488 3697 899 3760 accusativum
956 3695 1049 3754 rei
1109 3694 1371 3754 adsumit
1435 3698 1550 3772 Ag.
1603 3698 1797 3754 1302:
1861 3687 2006 3753 ἄλλα
2071 3685 2494 3768 κοινωσαίμεθ’
2566 3682 2644 3749 ἂν

486 3821 619 3875 πως
662 3795 901 3876 ἀσφαλῆ
947 3790 1337 3874 βουλεύματα.

657 3903 1001 3982 Aeschylea
1045 3904 1347 3961 structura
1391 3904 1483 3960 est
1528 3899 1703 3962 verbi

662 4001 1036 4082 μετοικέω
1079 4004 1261 4083 (conf.
1309 4024 1444 4082 pag
1481 4003 1606 4081 84).
1696 4002 1906 4081 Suppl.
1943 4004 2096 4060 5893
2151 3990 2309 4077 ἧμας
2351 3999 2647 4076 μετοικεῖν

488 4105 667 4185 τῆσδε
711 4107 834 4186 γῆς.
