3017 4759
1241 313 1672 379 ...27-

375 491 495 552 qna
537 465 726 546 δόμος
768 472 868 533 vel
913 471 1128 530 similis
1173 492 1294 533 vox
1339 470 1610 543 intellegi
1668 487 1911 527 necesse
1968 472 2060 527 est
2103 471 2239 544 post
2282 485 2534 542 praepo-

375 576 624 634 sitiones
685 572 769 644 εἰς
829 582 890 634 et
949 571 1033 646 ἐν,
1097 594 1243 653 quas
1304 574 1580 653 sequitur
1638 572 1954 648 genetivus
2013 569 2373 646 possessoris
2432 569 2532 645 (cf.

373 680 595 738 Bernh.
645 669 804 756 synt.
850 697 907 754 p.
948 678 1110 755 184).
1201 677 1314 736 Sed
1363 676 1632 735 cernitur
1675 675 1834 751 apud
1881 672 2248 751 Aeschylum
2293 668 2535 729 nonnisi
2587 707 2602 720 ›

374 802 508 855 gen.
537 775 777 839 ’Ἅιδου
825 814 909 824 -
963 773 1286 838 ἐν”Αιδου
1339 783 1452 854 Ag.
1504 783 1685 838 1489.
1750 777 1955 854 Suppl.
2004 781 2147 848 218,
2195 778 2339 834 401.
2429 769 2538 839 εἷς

354 876 574 942 ’Ἅιδου
605 885 804 958 μολεῖν
834 884 933 943 Pr.
968 888 1112 942 239.
1181 883 1404 942 Contra
1448 881 1812 958 adjectivum
1849 880 1954 938 ubi
1997 877 2245 950 accedit,
2290 875 2539 954 ponitur

372 985 748 1046 accusativus
792 987 892 1046 Pr.
945 991 1142 1045 1028:
1189 982 1273 1054 εἰς
1317 978 1657 1063 ἀναύγητον
1702 983 1903 1057 μολεῖν
1933 978 1957 1063 ΙΙ
1985 975 2222 1056 ”Ἀιδην.

1247 1238 1654 1247 ————-

1269 1461 1481 1542 Caput
1524 1459 1638 1523 III.

764 1604 861 1658 De
906 1603 1219 1671 genetivo
1263 1603 1635 1671 subjective
1678 1605 1750 1658 et
1790 1601 2137 1669 objectivo.

1428 1756 1476 1811 Ι.

980 1870 1087 1920 De
1121 1870 1464 1935 genetivo
1501 1868 1929 1935 subjectivo.

1380 1989 1519 2069 §1-

543 2111 871 2169 Personam
916 2111 1044 2171 sive
1088 2130 1235 2182 rem,
1279 2111 1436 2169 unde
1481 2110 1707 2189 aliquid
1739 2108 2162 2186 proficiscitur,
2210 2128 2342 2183 gen.
2378 2108 2528 2182 subj.

365 2214 644 2300 designat
679 2220 919 2290 praeter
950 2235 1176 2274 morem
1222 2213 1833 2292 consuetudinemque
1877 2212 2165 2291 loquendi
2211 2210 2359 2269 locis
2404 2209 2528 2268 his:

365 2317 462 2374 Pr.
499 2321 656 2374 898:
705 2316 1041 2393 παρθενίαν
1087 2308 1352 2391 εἰσορῶσ’
1394 2308 1544 2384 Ἰοῦς
1588 2309 1757 2392 γάμω
1805 2308 2182 2388 δαπτομέναν
2223 2313 2231 2392 Ι
2273 2308 2530 2369 δυσπλοί-

364 2437 491 2485 νοις
532 2411 623 2474 ΓἨ
631 2439 763 2494 ρας
808 2413 1104 2489 ἀλατείαις
1147 2415 1394 2479 πόνων
1452 2439 1726 2492 „errores
1773 2438 1921 2498 quos
1978 2416 2267 2477 excitavit
2310 2416 2524 2473 Juno“.

364 2520 571 2597 Suppl.
621 2526 777 2580 546:
833 2518 1161 2597 μαινομένα
1206 2514 1418 2591 πόνοις
1462 2514 1697 2597 ἀτίμοις
1740 2514 1991 2590 ὀδύναις
2036 2538 2095 2577 τε
2140 2510 2526 2595 κεντροδαλή-

362 2643 486 2692 τοις
517 2616 910 2701 &vibes-“Home
953 2626 1229 2699 „dolores
1275 2645 1309 2684 a
1339 2627 1577 2684 Junone
1616 2625 1851 2684 effecti“
1881 2659 1965 2668 —-
1996 2626 2278 2698 Magnam
2309 2640 2527 2696 cogna-

363 2726 586 2785 tionem
632 2746 764 2786 cum
820 2726 917 2786 his
975 2729 1269 2807 exemplis
1313 2729 1571 2788 habent:
1632 2729 1795 2806 Sept.
1848 2734 1999 2788 181:
2059 2728 2348 2804 λευστῆρα
2394 2724 2429 2783 δ
2445 2719 2523 2799 ή-

365 2848 505 2901 μου
551 2821 605 2887 δ’
634 2822 714 2887 οὗ
743 2850 795 2888 τι
840 2825 924 2906 μὴ
955 2825 1122 2914 φύγῃ
1168 2826 1404 2910 μόρον
1448 2852 1609 2905 „nex
1651 2831 1979 2909 lapidati-ix
2025 2850 2177 2911 quae
2221 2849 2257 2888 a
2301 2827 2522 2907 populo

364 2928 728 3004 infligitur“;
775 2954 1103 3013 verumque
1148 2934 1302 2994 vidit
1334 2934 1530 2993 Schol.
1564 2935 1664 3007 M„
1712 2954 1845 2994 cum
1890 2934 2250 3010 explicaret:
2296 2923 2400 2990 τὸν
2446 2927 2525 2989 ἐκ

368 3023 566 3107 δήμου
595 3035 883 3112 λευστῆρα
916 3029 1123 3112 μόρον.
1192 3036 1402 3113 (Thuc.
1435 3036 1552 3109 ΠΙ,
1586 3042 1685 3109 40,
1720 3043 1789 3095 6:
1836 3029 1939 3094 τόν
1968 3033 2253 3093 κίνδυνον
2283 3025 2525 3109 ὑφορω-

363 3153 528 3209 μενοι
575 3136 681 3193 τοῦ
727 3128 1205 3214 ὑπολειπομένου
1251 3135 1473 3216 ἐχθροῦ
1519 3159 1574 3200 v.
1621 3138 1703 3197 ib.
1750 3138 1931 3198 Class.
2005 3137 2231 3210 Eodem
2276 3155 2521 3212 prorsus

363 3238 538 3295 modo
585 3238 1010 3302 declaraverim
1056 3242 1205 3303 Hor.
1255 3243 1365 3301 Od.
1408 3241 1496 3314 H,
1550 3245 1645 3314 18,
1693 3247 1804 3300 30:
1861 3233 2092 3317 rapacis
2139 3238 2313 3298 Orci
2362 3238 2522 3297 fine

363 3339 770 3399 destinata=
794 3343 932 3401 finis
980 3363 1157 3423 quam
1190 3345 1381 3404 Orcus
1425 3344 1796 3420 destinavit.)
1859 3342 2003 3402 Pari
2046 3342 2221 3401 modo
2265 3342 2328 3400 in
2360 3342 2524 3400 Pers.

364 3445 486 3497 604
533 3441 785 3515 legitur:
839 3445 969 3503 τοία
1012 3447 1269 3504 κακῶν
1315 3443 1683 3521 ἔκπληξις
1729 3443 1981 3522 ἐκφοβεῖ
2024 3441 2265 3524 φρένας.
2358 3445 2520 3522 Sept.

370 3545 559 3603 1046:
606 3542 916 3622 φοβοῦμαι
946 3544 1401 3625 κάποτρέπομαι
1446 3549 1662 3626 δεῖμα
1708 3551 2035 3609 πολιτῶν
2080 3556 2311 3624 „metus
2343 3570 2521 3629 quem

362 3645 632 3706 excitant
675 3649 893 3710 cives“.
985 3650 1442 3729 (Artificiosior,
1492 3672 1670 3731 quam
1713 3660 1781 3713 ut
1826 3652 1974 3712 mihj
2020 3653 2309 3725 arrideat,
2364 3652 2522 3712 Her-

362 3749 567 3807 manni
630 3757 722 3810 est
778 3753 1202 3832 interpretatio
1247 3775 1534 3828 „aversor
1589 3757 1786 3816 facere
1832 3758 1988 3816 unde
2039 3757 2188 3816 mihi
2250 3755 2399 3816 civis
2444 3755 2520 3813 ti-

363 3851 563 3908 mendi
609 3853 787 3914 sint“.
874 3859 933 3915 A
976 3877 1121 3918 vero
1166 3858 1442 3934 proxime
1499 3861 1668 3919 abest
1727 3862 1883 3939 quod
1929 3853 2193 3937 explicat
2234 3857 2519 3916 Schuetz-

360 3951 486 4012 ius:
546 3954 766 4015 civium
809 3958 1048 4036 minas.)
1136 3960 1368 4021 Deinde
1415 3962 1699 4022 nomino:
1756 3964 1916 4039 Sept.
1969 3968 2119 4022 114:
2179 3954 2424 4035 φόβος
2467 3949 2520 4017 δ’

363 4047 578 4132 ἀρείων
621 4050 890 4118 ὅπλων.
964 4064 1150 4122 Recte
1194 4064 1352 4122 idem
1397 4064 1597 4122 Schol.
1637 4066 1750 4124 M.:
1793 4064 1976 4123 λείπει
2018 4057 2060 4139 ἡ
2102 4054 2241 4122 ὖπό.
2316 4056 2352 4122 ό
2394 4054 2517 4122 »find

361 4160 480 4215 τῶν
542 4152 797 4238 Ἀρηΐων
858 4156 1058 4222 ὅπλων
1120 4159 1319 4240 φόβος
1380 4159 1676 4244 ταράσσει.
1780 4171 1888 4242 Ag.
1938 4172 2096 4228 699:
2164 4157 2519 4245 φαιδρωπὸς
