3017 4759
1309 268 1737 335 ...34-

440 422 459 507 ss
486 418 720 501 νήστεις
763 424 958 503 (Libri
1002 418 1230 501 νήστισι
1276 431 1336 484 et
1381 427 1599 503 νῆστίς.
1666 427 2029 489 Emendavit
2057 426 2403 506 Triclinius)
2449 421 2603 507 πρός

441 518 878 607 ἀρίστοισιν
923 514 972 586 ai
986 548 1018 585 ν
1063 524 1178 603 ἔχει
1221 521 1392 597 πόλις
1428 525 1440 610 Ι
1478 521 1695 588 τάσσει.
1763 530 2034 610 Utroque
2079 531 2211 589 loco
2257 530 2601 605 genetivum

440 649 568 689 esse
601 630 1000 706 objectivume
1034 630 1274 708 quidem
1303 631 1497 690 habeo
1531 651 1639 708 pro
1673 638 1852 692 certo.
1885 667 1967 676 -
2011 633 2101 692 De
2133 632 2265 692 loco
2301 637 2410 708 Ag.
2445 639 2599 693 318:

435 733 708 810 pluribus
740 732 1072 810 disputavit
1100 736 1172 792 R.
1203 735 1542 797 F6rster.
1612 736 1749 813 (‚,de
1782 736 2156 795 attractionis
2187 756 2301 795 usu
2333 736 2600 813 Aeschy-

371 841 377 845 '
437 834 571 894 leo“
616 834 774 895 Diss.
820 835 1023 909 inaug.
1069 834 1393 920 Vratislav.
1458 841 1636 895 1866.
1691 859 1749 916 p.
1788 843 1864 896 10
1913 838 2103 918 seqq.)
2167 857 2357 918 aeque
2419 844 2599 918 atque

439 957 549 1012 ego
610 938 956 1012 genetivum
1013 939 1379 1015 objectivum
1439 944 1725 999 statuens.
1823 934 2064 1022 ἄριστον
2104 967 2192 991 =
2229 941 2599 1018 jentaculum

439 1043 547 1100 cfr.
608 1042 722 1114 frg.
775 1045 925 1099 181:
986 1033 1226 1119 ἄριστοι,
1289 1038 1531 1117 δεῖπνα,
1593 1037 1791 1121 δόρπα
1833 1035 1896 1100 θ’
1942 1040 2245 1122 αἱρεῖσθαι
2288 1043 2468 1122 τρίτοι.
2516 1077 2600 1088 -

442 1144 583 1203 Pari
642 1141 879 1202 ratione
922 1144 1220 1203 Homerus
1280 1143 1414 1205 voci
1476 1141 1721 1203 δεῖπνον
1779 1146 2121 1219 genetivum
2181 1146 2455 1223 adjungit
2499 1147 2602 1204 ob-

435 1247 726 1322 jectivum
774 1246 882 1306 Od.
928 1246 1165 1319 XXIV,
1214 1251 1332 1305 215
1369 1244 1630 1319 ⁴(ieiunum
1673 1280 1757 1292 —-
1803 1248 1982 1307 συῶν.

1457 1432 1597 1513 §4-

614 1554 779 1620 Quos
809 1553 984 1612 modo
1028 1552 1364 1630 percensui,
1411 1554 1829 1627 genetivorum
1860 1555 2294 1632 objectivorum
2324 1559 2598 1614 naturam

448 1674 578 1714 eam
624 1677 753 1715 esse
798 1661 1064 1734 apparet,
1110 1661 1180 1715 ut
1222 1674 1355 1715 cum
1389 1658 1783 1719 substantivis
1813 1658 1936 1716 sint
1981 1659 2236 1719 connexi
2287 1678 2437 1737 quae
2467 1676 2601 1720 vet-

443 1759 538 1817 bis
594 1758 962 1836 respondent
1020 1759 1289 1820 dativum
1347 1763 1450 1818 aut
1510 1760 1916 1836 accusativum
1973 1761 2087 1819 sibi
2133 1760 2599 1826 adsumentibus.

444 1864 581 1920 Non
644 1862 860 1920 desunt
923 1865 1122 1920 autem
1181 1866 1492 1938 praeterea
1559 1864 1937 1925 substantiva
2001 1864 2164 1941 apud
2216 1862 2600 1940 Aeschylum,

447 1965 680 2043 quibus,
729 1959 1002 2043 quamvis
1049 1984 1171 2023 non
1217 1964 1471 2024 deducta
1517 1964 1639 2024 sint
1682 1985 1758 2025 ex
1788 1965 2006 2039 verbis,
2052 1966 2357 2026 verbalem
2400 1971 2601 2024 tamen

445 2067 750 2126 notionem
810 2068 1008 2126 inesse
1068 2067 1398 2143 putandum
1457 2067 1555 2127 sit.
1646 2070 1770 2127 Nos
1833 2068 2071 2147 quidem
2132 2068 2605 2143 ejusmodisub-

446 2171 844 2233 stantivorum
905 2190 1038 2230 cum
1099 2191 1232 2245 gen.
1296 2172 1413 2248 obj.
1469 2173 1815 2247 juncturam
1875 2171 1990 2230 nisi
2056 2160 2604 2247 praepositionibus

447 2274 783 2351 exprimere
827 2293 947 2332 non
992 2291 1324 2351 possumus.

620 2370 1044 2454 φάρμακον.
1122 2377 1220 2436 Pr.
1272 2380 1423 2434 252:
1468 2373 1646 2451 τῆσδε
1689 2368 2013 2454 φάρμακον
2057 2370 2238 2435 νόσου
2284 2376 2419 2453 (nos
2464 2395 2602 2449 „ge-

450 2479 647 2555 gen“).
716 2479 812 2537 Pr.
847 2483 1004 2537 605:
1049 2476 1105 2537 τί
1149 2470 1475 2556 φάρμακον
1517 2474 1721 2536 νόσου.
1790 2482 1900 2553 Ag.
1940 2484 2091 2538 526:
2136 2471 2201 2537 τό
2248 2479 2420 2558 σιγᾶν
2450 2471 2605 2557 φάρ-

441 2601 642 2657 μακον
684 2572 929 2657 βλάβης.

617 2675 861 2759 λιμήν.
950 2682 1154 2760 Suppl.
1204 2687 1362 2742 454:
1408 2673 1680 2759 οὐδαμοῦ
1722 2676 1897 2759 λιμήν
1940 2684 2144 2742 κακῶν
2166 2685 2241 2761 ¹).

619 2778 817 2845 σκιά.
906 2788 1016 2859 Ag.
1063 2790 1218 2844 931:
1277 2779 1449 2844 σκιοὶν
1493 2819 1577 2829 —-
1623 2784 1845 2865 σειρίου
1907 2779 2092 2856 κυνός
2147 2787 2185 2847 i.
2232 2807 2281 2847 e.
2341 2788 2606 2860 ,‚umbra‚

453 2908 606 2968 quae
651 2889 1019 2951 adversus
1066 2907 1273 2947 canem
1320 2888 1643 2948 defendit“.

544 2998 555 3006 “
622 2986 763 3071 προ
777 2989 1037 3068 βλημα.
1126 2991 1289 3070 Sept.
1339 2997 1493 3052 659:
1554 2989 1878 3069 κνημῖδας,
1943 2988 2159 3068 αἰχμῆς
2216 2988 2317 3051 καὶ
2377 2992 2610 3069 πετρῶν

454 3087 847 3173 προβλήματα
889 3099 1197 3169 „tutamen
1243 3096 1531 3157 adversus
1535 3135 1735 3153 .....
1741 3098 1777 3126 “

623 3193 883 3276 ἔρυμα.
987 3198 1096 3257 ch.
1153 3202 1298 3258 148:
1364 3189 1519 3275 πρός
1576 3192 1768 3270 ἔρυμα
1824 3188 1959 3253 τόδε
2015 3198 2222 3255 κακῶν
2278 3192 2505 3254 κεδνῶν
2564 3186 2610 3252 τ’

453 3292 800 3378 α’πότροπον
862 3292 1010 3379 ἄγος
1072 3292 1408 3376 ἀπεύχετον.
1521 3298 1777 3371 „Nescio
1842 3298 1987 3377 quid
2050 3299 2483 3376 interpretibus
2547 3299 2612 3357 in

457 3408 719 3462 mentem
778 3403 1042 3475 venerit,
1105 3406 1174 3460 ut
1234 3397 1422 3480 ἔρυμα
1483 3401 1851 3461 tumulum
1914 3402 2253 3474 significare
2315 3408 2614 3479 putarent.

453 3497 695 3583 ’Ἐρυμα
739 3511 830 3564 est
871 3504 1382 3583 praesidium,
1439 3505 1908 3576 firmamentum,
1956 3504 2222 3585 adeoque
2267 3506 2483 3564 chorus
2528 3505 2617 3563 di-

462 3609 573 3668 cit:
631 3608 717 3666 ad
763 3607 1312 3666 confirmanda
1358 3607 1579 3665 nobis
1623 3608 1852 3679 bona,
1911 3612 1986 3665 et
2027 3608 2620 3667 averruncanda

465 3711 687 3771 mala“
730 3708 1068 3769 Schiitzius.

606 3951 657 4008 1)
691 3963 741 3996 v.
782 3946 884 3994 Cic.
922 3961 1012 4009 pro
1048 3945 1194 3993 Caec.
1233 3948 1298 3995 34
1335 3944 1699 4006 „Exsilium
1750 3943 1880 3991 enim
1930 3959 2029 3992 non
2076 3946 2374 4007 supplicium
2421 3953 2496 3996 est
2530 3949 2618 3995 sed

467 4033 845 4093 perfugium
882 4036 1255 4092 portusque
1292 4030 1639 4091 supplicii.
