3017 4759
1277 295 1701 359 ,13-

412 475 468 527 p.
512 451 672 527 155).
740 455 853 511 Sed
901 455 1137 527 singula
1181 455 1517 511 videamus:
1560 454 1721 530 Sept.
1756 451 1865 511 70:
1904 442 2052 529 Ἀρᾶ
2096 443 2143 508 τ’
2169 441 2406 529 Ἐρινύς
2449 473 2561 510 πα·

412 544 548 631 quiq
592 543 632 627 ἦ
676 551 1065 631 μεγασθενής.
1133 555 1293 631 Ὴεῃή.
1345 563 1497 615 353:
1540 551 1730 634 κάρτα
1776 545 1825 611 δ’
1870 548 2074 630 ἆληθῆ
2120 547 2349 632 πατρὸς
2398 552 2561 613 Οἰδι-

412 647 572 711 πόδα,
620 651 809 715 πότνι’
853 651 1085 735 Ἐρινύς
1133 655 1469 735 ἐπέκρανεν.
1561 658 1659 716 Sic
1702 659 1888 718 verba
1946 658 2363 734 conjungenda
2406 664 2563 717 sunt.

412 759 636 815 Eodem
684 763 857 815 modu
905 763 1058 839 Sept.
1113 767 1261 819 533:
1325 755 1659 840 μελὲναιγις
1704 754 1819 818 οὐκ
1863 756 1887 844 ΙΙ
1933 751 2043 818 εἶσι
2089 753 2292 835 δόμων
2333 750 2566 839 Ἐρινύς

412 863 724 935 genetivus
789 855 989 937 δόμων
1045 863 1385 939 Jungendus
1445 869 1536 922 est
1597 884 1730 923 cum
1785 854 2040 940 Ἐρινύς.
2144 863 2316 929 Quod
2375 864 2437 922 ni
2493 865 2564 922 fit

408 967 724 1037 genetivus
768 987 889 1023 unu
937 967 1117 1023 hahet.
1161 987 1277 1046 qun
1325 967 1670 1043 explicetur.
1752 966 1947 1025 Multo
1993 986 2136 1026 vero
2181 966 2381 1042 aptior
2425 985 2561 1025 eva-

408 1066 498 1124 dit
543 1068 841 1126 sententia
887 1069 931 1126 si
979 1067 1285 1127 lenissima
1320 1071 1652 1129 mutatione
1684 1069 1996 1127 scribimus
2042 1066 2224 1143 ἔστι,
2272 1075 2341 1127 ut
2383 1089 2560 1143 gene-

408 1169 569 1227 tivus
615 1162 815 1243 δόμων
857 1171 1297 1248 praedicativus
1344 1192 1472 1231 esse
1517 1173 1809 1232 videatur.
1899 1173 2115 1230 Exstat
2157 1173 2316 1230 enim
2362 1192 2560 1231 exem-

408 1271 568 1348 plum
617 1274 1062 1346 gravissimum:
1105 1276 1278 1333 Eum.
1316 1278 1508 1333 1020:
1554 1271 1853 1332 σπονδαὶ
1906 1308 1982 1318 ——
2031 1271 2300 1343 ἔνδαιδες
2344 1273 2563 1333 οἷ’κων

409 1374 848 1450 (Hel-mannus:
908 1396 1068 1453 „pax
1117 1410 1196 1420 -—
1241 1378 1305 1436 in
1367 1378 1606 1436 sedibus
1665 1398 1743 1438 sc.
1792 1379 1986 1453 esto“)
2040 1378 2246 1435 confer
2288 1377 2449 1435 infra
2479 1379 2560 1435 II.

407 1477 615 1537 Paullo
663 1479 840 1538 aliter
884 1500 978 1539 res
1025 1501 1087 1538 se
1131 1481 1314 1539 habet
1355 1481 1518 1558 Sept.
1555 1481 1707 1541 706:
1754 1473 1979 1559 πατρὸς
2022 1475 2299 1539 εὐκταίαν
2327 1472 2561 1559 Ἐρινύν

402 1563 603 1654 „furia
663 1602 698 1640 a
758 1590 928 1661 patre
991 1583 1305 1643 invocata“
1364 1583 1561 1644 Schol.
1608 1588 1723 1644 M.:
1786 1576 1863 1659 ἣν
1923 1577 2215 1659 ἐπηύξατο
2267 1579 2561 1652 Οἰδίπους

404 1682 627 1743 τελέσαι
669 1678 774 1755 τας
815 1679 990 1764 ἀράς.

581 1788 639 1844 Κ
651 1781 823 1857 ύνες
868 1790 1104 1865 saepius
1146 1793 1439 1849 vocantur
1482 1788 1683 1847 Dirae.
1775 1791 1847 1849 cf.
1894 1791 2064 1848 Eum.
2114 1793 2267 1848 244:
2321 1808 2560 1868 τετραυ-

404 1886 757 1965 ματισμένον
815 1884 925 1971 γάρ
988 1882 1071 1959 ὥς
1126 1885 1292 1950 κύων
1350 1884 1570 1969 νεβρόν
1614 1886 1638 1974 ΙΙ
1682 1886 1834 1969 πρὸς
1886 1882 2035 1965 αἷμα
2081 1888 2182 1949 καὶ
2228 1884 2561 1971 σταλαγμόν

405 1985 818 2068 ἐκματεύομεν.
905 1995 1048 2052 Eur.
1106 1994 1197 2053 El.
1253 1999 1444 2053 1342:
1504 1988 1693 2062 κύνας
1750 1986 1927 2052 τάσδε
1987 1988 2311 2072 προλιπών.
2409 1996 2559 2053 He·
2628 2074 2631 2077 ἢ

405 2097 606 2172 sych.
643 2088 840 2154 Κύων.
880 2130 958 2140 -
991 2092 1055 2155 οἷ
1086 2090 1150 2153 δὲ
1180 2088 1288 2171 τὴν
1313 2088 1567 2173 Ἐρινύν.
1601 2129 1682 2139 -——
1714 2098 1818 2155 ch.
1852 2096 2007 2155 917:
2052 2088 2308 2169 φύλαξαι
2338 2089 2562 2174 μητρός

404 2190 683 2275 ἐγκότους
740 2194 941 2268 κύνας.
1042 2197 1238 2259 Schol.
1287 2200 1400 2258 M.:
1460 2190 1567 2266 τοὶς
1623 2190 1914 2276 Ἐρινύας.
2014 2200 2120 2257 Oh.
2174 2203 2365 2257 1051:
2430 2197 2560 2257 α’ἵδε

405 2293 626 2378 μητρὸς
670 2297 902 2380 ἔγκοτοι
945 2294 1137 2371 κύνες.

572 2394 752 2482 Ἀραὶ.
841 2405 1048 2482 (Dirae
1092 2404 1260 2481 ipsae
1305 2424 1368 2463 se
1410 2394 1589 2479 Ἀρᾶς
1633 2402 1940 2482 appellant
1983 2404 2153 2462 Eum.
2196 2409 2347 2464 413:
2389 2396 2557 2484 Ἀραὶ

403 2496 454 2561 δ’
502 2501 564 2565 ἐν
609 2502 798 2576 οἴκοις
840 2508 950 2585 γῆς
994 2499 1143 2565 final
1189 2499 1574 2586 κεκλήμεθα.)
1656 2508 1834 2583 juxta
1874 2497 2111 2585 Ἐρινύς
2156 2513 2248 2566 est
2292 2509 2556 2585 positum

402 2607 566 2684 Sept.
614 2610 726 2668 70:
769 2602 914 2688 Ἀρά
961 2602 1006 2668 τ’
1048 2601 1280 2688 Ἐρινύς
1325 2602 1553 2692 πατρός
1595 2600 1637 2686 ἦ
1681 2603 2066 2689 μεγασθενής.

574 2713 671 2770 Ita
715 2712 895 2771 etiam
941 2713 1239 2788 contingit
1297 2717 1365 2773 ut
1406 2713 1967 2790 „imprecatio“
2011 2733 2187 2793 quam
2236 2714 2369 2794 quis
2412 2715 2558 2774 fecit

403 2815 477 2873 ad
539 2814 1034 2891 προσωποποιίαν
1093 2818 1379 2876 accedens
1435 2815 1596 2875 idem
1655 2820 1781 2876 fere
1824 2816 2026 2878 valeat
2081 2822 2263 2897 atque
2305 2810 2449 2894 ’Λρά
2495 2822 2556 2875 et

399 2907 633 2994 Ἐρινύς
702 2918 920 2994 (Schol.
982 2919 1063 2975 M.
1133 2919 1206 2977 ad
1274 2919 1380 2978 Oh.
1442 2924 1597 2976 394:
1673 2914 2127 2978 ἆνειδωλοποιεῖ
2183 2912 2289 2988 τοὶς
2354 2913 2552 2998 ἀράς).

404 3019 563 3099 Sept.
599 3021 750 3079 678:
796 3017 977 3091 φίλου
1022 3011 1132 3096 γάρ
1179 3014 1366 3097 ἐχθρά
1399 3040 1500 3094 μοι
1537 3013 1761 3097 πατρός
1803 3023 1955 3078 τελεῖ
1994 3014 2131 3098 ἆρά.
2201 3022 2360 3099 Sept.
2400 3027 2553 3080 815:

405 3110 454 3182 ὦ
499 3118 741 3196 μέλαινα
795 3116 896 3180 καὶ
953 3118 1136 3178 τελεία
1178 3116 1379 3199 γένεος
1430 3117 1690 3179 Οἰδίπου
1736 3114 1782 3178 τ’
1828 3114 1962 3196 ἆρά.
2052 3123 2419 3182 Brunckium
2465 3145 2553 3182 se-

404 3230 575 3285 cutus
634 3226 749 3283 duo
809 3223 1120 3299 genetivos
1164 3224 1310 3282 mihi
1372 3224 1700 3301 persuadeo
1757 3224 2202 3300 conjungendos
2249 3246 2376 3284 esse
2421 3246 2549 3285 cum

403 3329 808 3400 nominativo,
866 3327 954 3385 ita
997 3333 1066 3385 ut
1123 3325 1177 3385 is
1237 3326 1354 3385 alio
1402 3347 1579 3386 sensu
1625 3327 1698 3386 ad
1745 3326 2006 3404 priorem
2053 3323 2275 3404 (γένεος
2319 3320 2439 3406 ἆρά
2468 3356 2554 3380 =

403 3430 784 3509 imprecatio,
849 3449 966 3510 qua
1009 3450 1196 3504 genus
1241 3433 1523 3491 devotum
1568 3430 1685 3508 est)
1740 3428 1858 3486 alio
1916 3449 2092 3504 sensu
2136 3430 2435 3506 pertineat
2478 3434 2552 3491 ad

404 3534 796 3612 posteriorem
841 3526 984 3612 (ἄρα
1023 3530 1282 3592 Οἰδίπου
1311 3562 1396 3584 =
1424 3532 1776 3612 imprecatio
1826 3551 2001 3611 quam
2046 3533 2203 3592 dixit
2244 3535 2551 3613 Oedipus).

403 3638 885 3695 Hermannus
931 3636 1136 3695 attulit
1177 3636 1341 3695 illius
1380 3634 1803 3713 explicationis
1847 3636 2173 3695 firmandae
2204 3656 2381 3697 causa
2409 3639 2549 3698 Eur.

404 3741 632 3798 Phoen.
684 3742 877 3797 1605:
940 3731 1093 3813 ἆροὶς
1152 3733 1518 3813 παραλαβών
1577 3738 1777 3796 Λαΐου
1840 3734 1942 3795 καὶ
1999 3734 2163 3796 παισὶ
2227 3733 2385 3808 δούς.
2477 3743 2551 3799 cf.

405 3842 538 3899 adn.
585 3838 952 3898 Scholiastae
983 3842 1063 3901 M.
1152 3841 1541 3899 Memoranda
1584 3860 1764 3918 porro
1812 3847 1982 3899 sunt:
2028 3841 2186 3917 Sept.
2225 3840 2299 3898 87
2310 3847 2376 3898 0:
2424 3837 2557 3898 αἰαῖ

407 3934 458 3999 δ’
489 3934 830 4015 ἀντιφόνων
859 3934 1142 4001 θανάτων
1171 3934 1316 4018 ἀραί
1346 3942 1410 4019 (i.
1444 3963 1493 4002 e.
1543 3934 1735 4020 „quae
1778 3942 2067 4001 fratribus
2096 3947 2346 4001 mortem
2378 3962 2550 4020 para-

405 4044 632 4122 bant“).
701 4044 805 4101 Oh.
841 4044 1008 4102 67:32¹
1040 4030 1089 4102 ὦ
1119 4037 1516 4103 δυσπάλαιστε
1561 4040 1746 4102 τῶνδε
1778 4038 2072 4119 δωμάτων
2112 4038 2233 4123 ἆρά
2280 4064 2551 4105 exsecra-
