3017 4759
1269 293 1355 304 --
1444 257 1740 327 122—

1470 489 1543 550 E.

692 601 935 658 Verba
970 604 1349 672 tanqendi‚
1390 603 1848 671 capessendi,
1888 605 2322 671 temptandi.

600 716 838 800 ψαύω.
931 726 1261 788 Genetivus
1318 726 1409 786 rei
1471 726 1742 787 cernitur
1797 728 1966 788 Pers.
2013 733 2165 788 202:
2230 720 2595 807 καλλιρρόου

431 821 669 900 ἔψαυσα
710 858 798 870 --
842 829 1056 907 πηγῆς.
1147 830 1252 889 ch.
1302 828 1451 889 1743
1497 825 1675 904 τῆσδε
1717 822 1912 908 χώρας
1952 863 2036 874 --
2081 822 2323 905 ψαύσει.
2415 832 2595 891 abso-

430 927 556 987 lute
602 928 826 989 dietum
872 934 990 1003 est,
1050 931 1156 990 sed
1205 931 1321 1004 ita,
1380 935 1450 990 ut
1492 931 1810 1006 genetivus
1853 950 2145 1010 personae
2199 933 2596 993 subaudiatur

431 1030 638 1108 Suppl.
689 1036 842 1091 8923
887 1026 1089 1103 κλάοις
1132 1024 1209 1094 ὃν
1253 1028 1309 1092 εί
1346 1025 1646 1107 ψαύσειας
1687 1035 1796 1109 (so.
1829 1035 2172 1113 γυναικῶν).

602 1126 961 1212 θιγγάνω.
1033 1135 1260 1202 Quater
1289 1137 1658 1196 construitur
1687 1154 1821 1195 oum
1850 1136 2132 1212 genetivo
2160 1137 2251 1198 rei
2281 1139 2445 1217 Sept.
2478 1143 2591 1198 44:

434 1226 821 1313 θιγγάνοντες
878 1233 1036 1316 χερσὶ
1094 1236 1373 1316 ταυρείου
1418 1232 1619 1313 φόνου
1661 1239 1761 1317 (de
1806 1239 2148 1314 significatu
2189 1240 2329 1301 vide
2371 1259 2428 1317 p.
2463 1241 2589 1318 36).

432 1338 512 1398 ib.
562 1343 717 1399 240:
776 1330 1125 1418 θιγγάνουσ’
1170 1332 1541 1419 ἀγαλμάτων.
1629 1345 1742 1416 Ag.
1792 1345 1948 1402 641:
1992 1374 2079 1385 —
2122 1338 2328 1412 οἴακος
2371 1336 2591 1420 θιγοόν.

435 1441 541 1500 ch.
586 1445 743 1501 9403
790 1437 956 1522 ἔθιγε
998 1477 1084 1489 —-
1126 1436 1297 1519 χερός
1340 1475 1425 1486 -
1469 1435 1622 1513 Διός
1662 1438 1832 1522 κόρα.
1921 1445 2247 1504 Praeterea
2290 1447 2402 1518 Ag.
2436 1448 2594 1505 994:

435 1541 597 1603 Flor.
641 1546 893 1622 praebet
926 1540 1238 1623 πραθέντα
1265 1547 1470 1621 τλῆναι
1514 1543 1784 1616 δουλείας
1826 1539 2015 1622 μάζης
2044 1544 2163 1622 βία.
2236 1544 2593 1606 Triclinius:

434 1642 538 1704 καὶ
582 1648 775 1724 ζυγῶν
819 1646 1015 1728 θίγειν
1074 1646 1179 1730 βίᾳ
1239 1651 1419 1726 (conf.
1465 1649 1706 1726 intpp.).
1789 1648 2105 1724 genetivus
2147 1667 2440 1727 personae
2500 1653 2595 1707 est

435 1748 975 1824 subintelligendus
1005 1753 1105 1812 Pr.
1133 1753 1283 1812 8473
1330 1747 1600 1810 ἐνταῦθα
1644 1744 1723 1826 δή
1752 1765 1817 1809 σε
1852 1742 2005 1819 Ζεύς
2047 1748 2289 1825 τίθησιν
2317 1746 2595 1829 ἔμφρονα

436 1846 689 1925 ἐπαφῶν
725 1845 975 1930 ἀταρβεῖ
1011 1850 1156 1931 χειρὶ
1201 1850 1304 1911 καὶ
1347 1846 1546 1933 θιγών
1577 1846 1781 1928 μόνον.
1854 1853 2067 1932 Neque
2108 1852 2309 1912 minus
2350 1852 2595 1914 videtur

433 1973 542 2033 per
600 1975 663 2015 se
708 1975 836 2016 esse
880 1955 1140 2033 positum
1184 1956 1290 2015 Oh.
1339 1961 1496 2017 992:
1557 1949 1765 2032 σήπειν
1807 1954 2108 2033 θιγοῦσαν
2152 1945 2326 2015 ἄλλον
2371 1947 2446 2013 οὗ
2499 1952 2595 2012 δε-

436 2053 751 2136 δηγμένον,
812 2058 916 2139 qui
974 2058 1141 2118 loeus
1200 2059 1476 2118 omnibus
1535 2060 1664 2119 fere
1722 2058 1919 2116 adhue
1968 2056 2196 2116 restitit
2239 2057 2594 2116 emendandi

436 2162 767 2236 conatibus,
813 2168 873 2221 et
917 2162 1022 2222 ch.
1058 2165 1165 2220 64:
1213 2154 1448 2238 θιγόντι
1486 2152 1538 2218 δ’
1570 2152 1701 2219 οὔτι
1727 2159 2047 2235 νυμφικῶν
2075 2153 2338 2218 ἑδωλίων
2374 2156 2384 2238 Ι
2424 2150 2592 2228 ἄκος.

438 2261 766 2327 Genetivus
809 2263 1127 2340 νυμφικῶν
1170 2256 1428 2321 ἑδωλίων
1482 2268 1607 2322 tam
1666 2263 1740 2321 ad
1799 2281 2017 2320 nomen
2078 2251 2228 2330 ὅίκος
2285 2279 2465 2341 quam
2515 2260 2591 2318 ad

436 2358 676 2444 θιγόντι
720 2371 812 2427 est
853 2367 1222 2438 referendus,
1270 2365 1429 2444 quod
1459 2371 1665 2424 monet
1693 2364 2063 2424 Soholiastae
2093 2365 2175 2422 M.
2208 2369 2369 2423 nota.
2435 2362 2592 2424 Vide

434 2488 568 2547 pag.
604 2474 703 2530 31.

606 2573 718 2630 Est
773 2573 960 2647 igitur
1019 2591 1211 2632 nexus
1270 2571 1622 2632 verborum:
1685 2559 1819 2627 οὔτι
1877 2564 2035 2627 ἔστιν
2080 2560 2227 2637 ι’ἱκος
2269 2567 2595 2642 νυμφικῶν

437 2668 696 2732 ἑδωλίων
754 2666 994 2753 θιγόντι
1055 2667 1325 2750 (αὐτῶν).
1390 2704 1477 2715 -
1544 2670 1786 2730 Eximia
1850 2670 2291 2750 singularisque
2357 2668 2594 2728 dicendi

434 2776 631 2834 forma
672 2781 764 2834 est
790 2778 905 2849 Ag.
938 2778 1094 2833 4153
1138 2766 1324 2831 πολλοὶ
1370 2772 1519 2851 γοῦν
1547 2762 1819 2850 θιγγάνει
1861 2766 2048 2851 πρὸς
2090 2758 2275 2851 ἧπαρ.
2342 2771 2594 2831 Sohnei-

438 2877 706 2939 dewinus
751 2877 880 2936 sine
922 2876 1048 2936 ulla
1091 2893 1269 2936 eausa
1311 2868 1568 2953 θηγάνει
1610 2874 1895 2953 reposuit.
1942 2905 2028 2918 -—
2089 2875 2183 2933 Ad
2227 2894 2401 2934 usum
2445 2893 2591 2935 vero

436 2980 609 3040 illum
631 2978 1093 3058 praepositionis
1116 2969 1267 3057 πρός
1289 2978 1708 3038 illustrandum
1732 2981 1986 3055 possunt
2007 2976 2287 3039 advocari
2317 2975 2594 3053 exempla

438 3084 647 3161 Eurip.
706 3085 819 3158 frg.
868 3089 1026 3143 969:
1085 3073 1126 3158 ἦ
1182 3080 1338 3157 Δίκη
1398 3096 1463 3138 σε
1505 3116 1591 3126 —-
1635 3079 1832 3139 παίσει
1890 3071 2047 3158 πρὸς
2103 3065 2287 3158 ἧπαρ.
2374 3079 2592 3139 Aesoh.

437 3191 551 3262 Ag.
588 3186 739 3245 7563
785 3183 981 3265 δῆγμα
1026 3179 1090 3242 δὲ
1133 3176 1326 3260 λύπης
1372 3178 1553 3243 οὐδὲν
1585 3181 1912 3259 ἐφικνεῖται
1958 3174 2113 3260 πρός
2154 3167 2338 3260 ἧπαρ.
2405 3182 2589 3260 Soph.

440 3294 596 3348 9383
655 3290 834 3368 χωρεῖ
871 3279 1026 3366 πρός
1069 3272 1236 3365 ἧπαρ
1280 3318 1365 3329 —-
1408 3284 1655 3366 γενναία,
1698 3278 1831 3360 δύη.
1920 3283 2101 3362 (oonf.
2147 3284 2366 3343 Blomf.
2411 3281 2604 3357 gloss.

438 3391 511 3451 ad
559 3394 670 3465 Ag.
717 3411 762 3450 s.
806 3388 890 3468 v.)

610 3483 1192 3570 προσθιγγάνω,
1242 3492 1397 3569 quod
1442 3492 1692 3552 verbum
1738 3489 2017 3565 genetivo
2061 3507 2353 3568 personae
2398 3487 2593 3547 deter-

438 3596 703 3655 minatur
733 3594 838 3654 Oh.
880 3596 1071 3653 10563
1116 3589 1346 3663 Λοξίου
1391 3587 1455 3651 δὲ
1498 3586 1866 3671 προσθιγῶν.
1936 3593 2009 3651 de
2054 3592 2398 3667 conjectura
2440 3588 2594 3649 Mei-

439 3698 602 3759 nekii
648 3694 1036 3776 προσθίξεται
1079 3696 1184 3756 ch.
1237 3700 1397 3754 1030
1444 3715 1555 3772 pro
1597 3694 1741 3754 libri
1785 3694 2043 3755 Medioei
2084 3693 2344 3755 lectione
2387 3689 2594 3772 προσί-

439 3800 595 3872 ξεται
639 3800 783 3861 satis
828 3801 1195 3877 disputatum
1240 3802 1332 3858 est
1373 3815 1506 3875 pag.
1549 3800 1664 3854 118
1711 3815 1874 3877 seqq.

613 3896 926 3976 ἐπαφάω
972 3901 1212 3980 (Blomf.
1253 3901 1431 3976 gloss.
1477 3900 1553 3958 ad
1597 3900 1696 3958 Pr.
1746 3898 1895 3975 874)
1940 3899 2099 3959 nude
2142 3899 2403 3976 positum
2446 3896 2595 3970 legi·

442 4024 573 4063 mus
618 4006 748 4064 sine
792 4023 934 4064 oasu
970 4006 1148 4081 juxta
1190 3998 1464 4084 θιγγάνω
1509 4004 1609 4062 Pr.
1660 4002 1814 4063 8473
1858 3997 2113 4075 ἐπαφῶν
2156 3995 2410 4079 ἀταρβεῖ
2445 3994 2594 4077 χειρὶ

439 4102 543 4164 καὶ
585 4098 781 4184 θιγῶν
826 4098 1028 4181 μόνον.
