3017 4759
1302 274 1748 376 ..-g.;.⁴

415 442 513 501 Pr.
569 441 726 499 1078
773 440 910 520 (Ag.
965 445 1155 501 10693
1216 426 1258 516 ἦ
1319 432 1567 499 δίκτυόν
1623 459 1678 497 τι
1737 429 1789 518 γ’
1828 432 2068 512 “Ἀιδου,
2133 433 2236 498 ἀλλ
2296 432 2485 517 ἅρκυς
2529 433 2569 518 ἡ

416 536 698 615 ξύνευνος
756 565 875 603 non
935 545 1306 623 appositivus
1366 544 1682 618 genetivus
1744 548 1834 602 est
1893 545 2242 603 statuendus
2289 545 2389 604 sed
2433 566 2569 622 pos-

417 649 678 708 sessivus
734 650 807 707 cf.
855 647 1318 710 Schneidewinit
1348 648 1840 725 adnotationem).
1927 645 2273 728 Eodemque
2318 648 2571 728 quadrat

418 755 527 826 Ag.
566 756 761 810 1329:
805 751 1082 826 πημονῆς
1112 743 1466 828 ἄρκύστατα.
1535 749 1827 830 Reliquae
1870 752 2050 832 hujus
2095 750 2333 826 generis
2374 755 2571 810 trans-

415 854 671 913 lationes
731 858 900 914 sunt:
957 847 1182 930 χθονός
1241 854 1448 929 χλαῖνα
1500 888 1585 897 ——
1645 858 1809 913 terra
1870 858 1961 913 est
2016 854 2432 914 indumentum
2484 888 2568 897 —

418 962 529 1032 Ag.
580 963 720 1016 836.
811 948 1110 1032 μνήμονες
1164 951 1355 1014 δέλτοι
1399 956 1638 1034 φρενῶν
1681 957 1779 1017 Pr.
1829 957 1949 1015 787
2012 959 2220 1017 confer
2261 959 2371 1016 Ch.
2417 957 2571 1017 4373

416 1051 637 1119 τοιαῦτ’
680 1052 923 1118 ἀκούων
977 1055 1052 1118 ἐν
1113 1055 1385 1137 φρεσὶν
1442 1051 1704 1138 γράφου.
1792 1059 2009 1138 Soph.
2056 1061 2167 1122 Ph.
2218 1065 2411 1119 1325:
2469 1057 2574 1117 καὶ

416 1154 578 1220 ταῦτ’
624 1158 840 1221 ἐπίστω
884 1157 987 1219 καὶ
1032 1152 1273 1240 γράφου
1319 1161 1560 1238 φρενῶν
1604 1158 1735 1221 ἔσω.
1817 1163 1929 1236 frg.
1982 1167 2099 1221 535
2147 1163 2332 1241 (apud
2374 1161 2570 1221 Schol.

419 1265 594 1324 Pind.
644 1264 735 1325 Ol.
766 1265 848 1338 X,
881 1267 973 1344 3):
1021 1255 1227 1333 θὲς·δ’
1264 1260 1326 1322 ἐν
1371 1258 1593 1343 φρενός
1638 1259 1888 1323 δέλτοισι
1933 1260 2075 1334 τοὺς
2119 1258 2300 1340 ἐμούς
2342 1258 2572 1345 λόγους.

423 1367 649 1447 [Schol.
695 1369 778 1428 M.
840 1374 1090 1445 perapte
1150 1369 1384 1427 confert
1439 1367 1760 1428 Pindarica
1818 1369 1968 1426 haec
2014 1368 2106 1429 Ol.
2152 1369 2233 1442 X,
2281 1375 2347 1427 3:
2407 1387 2572 1426 ποτι-

420 1466 646 1548 φρένας
691 1464 834 1546 ἔμας
877 1466 1198 1549 γέγραπται
1241 1505 1322 1514 ——
1370 1471 1713 1531 emendavit
1755 1471 2106 1532 Dindorfius
2151 1466 2306 1530 πόθι
2352 1464 2574 1549 φρενός
2685 1465 2690 1478 ‘

420 1571 563 1646 ἐμᾶς
621 1569 988 1656 γέγραπται]
1094 1577 1205 1648 Ag.
1254 1574 1408 1633 7663
1473 1558 1541 1631 εὖ
1601 1571 1921 1652 πραπίδων
1980 1570 2160 1632 οἴακα
2220 1569 2415 1650 νέμων
2472 1574 2573 1650 (cf.

420 1679 583 1735 Pers.
621 1676 773 1735 7583
818 1672 1030 1755 φρένες
1074 1710 1158 1721 -
1203 1669 1394 1735 αὐτοῦ
1440 1669 1646 1753 θυμόν
1691 1669 2207 1758 ᾠακοστρόφουν).
2290 1679 2390 1736 Pr.
2424 1682 2575 1738 6483

421 1775 631 1855 ἷμέρου
690 1776 842 1854 βέλει
898 1772 1051 1858 πρός
1103 1780 1213 1838 σοῦ
1257 1776 1586 1839 τέθαλπται
1629 1780 1794 1859 (vide
1840 1800 2023 1857 supra
2066 1781 2362 1859 κεραυνοῦ
2405 1772 2575 1856 βέλος

421 1883 581 1959 Sept.
630 1881 800 1958 436).
890 1885 1002 1957 Ag.
1054 1889 1163 1942 522
1214 1876 1523 1962 πτερύγων
1569 1880 1858 1961 ἐρετμοῖσι
1903 1876 2288 1961 ἐρεσσόμενοι.
2377 1884 2576 1943 Blom·

420 1985 632 2044 fieldus
674 1987 925 2046 advocat
970 1986 1151 2061 Verg.
1199 1991 1347 2045 Aen.
1379 1987 1486 2059 V-I,
1537 1991 1642 2046 193
1692 1985 2008 2061 remigium
2053 1987 2295 2046 alarum.
2366 1987 2575 2046 Paullo

422 2088 599 2148 aliter
643 2089 790 2149 dicit
832 2091 1008 2154 Lucr.
1054 2089 1162 2163 VI,
1212 2090 1245 2148 7
1254 2096 1364 2151 433
1414 2110 1746 2167 pennarum
1791 2089 1929 2148 vela
1972 2090 2302 2149 remittens.
2348 2125 2429 2132 -—
2475 2089 2580 2148 Ul·-

422 2191 571 2251 timo
627 2193 759 2252 loco
821 2213 1041 2270 ponam
1099 2192 1261 2271 Sept.
1312 2199 1463 2254 354:
1529 2192 1881 2269 πομπίμους
1923 2185 2104 2269 χνοοὶς
2146 2189 2371 2250 ποδῶν.
2461 2196 2573 2267 Ag.

427 2300 578 2353 8033
624 2286 858 2371 ὁμιλίας
901 2289 1240 2376 κάτοπτρον
1285 2298 1689 2371 „consuetudo
1735 2302 2038 2377 tamquam
2084 2300 2175 2355 est
2218 2296 2578 2373 speculum“.

597 2400 760 2476 Sept.
808 2406 918 2459 64:
984 2398 1100 2482 βοᾷ
1158 2393 1270 2478 yolo
1332 2401 1532 2476 κῦμα
1586 2403 1854 2479 χερσαῖον
1912 2399 2241 2477 στρατοῦ
2305 2400 2378 2457 cf.
2439 2400 2573 2458 adn.

427 2499 624 2561 Schol.
671 2502 751 2559 M.
799 2508 860 2561 et
902 2503 1217 2562 Matthiaei
1264 2503 1365 2563 Gr.
1411 2502 1518 2586 Gr.
1562 2502 1611 2581 §-
1646 2508 1789 2575 446,
1838 2508 1895 2561 4.

599 2605 662 2680 d)
709 2604 905 2668 Quum
948 2607 1109 2682 apud
1150 2605 1298 2664 alios
1344 2607 1667 2684 scriptores
1711 2611 1839 2664 tum
1883 2606 2040 2681 apud
2071 2605 2436 2683 Aeschylum
2480 2624 2579 2678 ge·
2605 2584 2618 2592 .

429 2707 668 2767 netivus
725 2709 1097 2786 appositivus
1157 2708 1254 2769 vel
1314 2710 1515 2788 potius
1576 2708 1921 2769 definitivus
1986 2728 2162 2789 quem
2220 2728 2425 2767 vocem
2478 2707 2579 2764 ad-

423 2811 701 2889 jungitur
756 2812 1101 2871 notionibus
1147 2808 1349 2891 γένος,
1412 2810 1633 2888 δῆμος,
1693 2802 1835 2879 λαός
1880 2810 2203 2884 similibus,
2265 2830 2416 2890 quae
2473 2809 2578 2867 illo

430 2913 831 2974 terminentur
889 2924 948 2973 et
1008 2915 1385 2974 definiantur.
1473 2917 1699 2974 Errant
1741 2915 1901 2974 enim
1945 2916 2334 2976 vehementer
2384 2913 2426 2971 ii
2476 2913 2580 2993 qui

432 3018 777 3093 genetivum
823 3038 898 3078 ex
942 3018 1281 3095 hujusmodi
1328 3017 1720 3079 substantivis
1764 3023 1969 3096 aptum
2003 3037 2432 3099 usquequaque
2474 3018 2581 3075 ha-

431 3124 578 3180 bent
621 3140 729 3198 pro
775 3121 1062 3199 partitivo
1083 3168 1098 3196 ,
1162 3142 1342 3203 quum
1387 3122 1441 3181 is
1485 3143 1612 3182 rem
1659 3142 1819 3193 eam,
1880 3123 2040 3181 intra
2085 3124 2251 3198 cujus
2294 3119 2580 3178 ambitum

434 3225 659 3305 aliquid
722 3230 840 3299 est,
905 3225 1193 3285 enuntiet.
1281 3226 1592 3303 Exemplis
1651 3231 1718 3284 ut
1775 3244 1845 3284 ea
1889 3244 2040 3305 quae
2085 3223 2214 3282 dico
2270 3221 2580 3292 illustrem,

433 3322 605 3404 γένος
648 3325 902 3406 βροτῶν,
963 3329 1277 3405 genetivus
1337 3330 1387 3387 si
1449 3335 1542 3388 est
1598 3328 1949 3406 partitivus,
2008 3325 2235 3386 indicat
2285 3325 2421 3398 „ein
2468 3324 2581 3383 Ge·-

438 3431 707 3489 schlecht
762 3433 868 3490 der
911 3432 1280 3490 Menschen“
1327 3437 1572 3505 contra,
1634 3431 1683 3489 si
1746 3437 1838 3490 est
1895 3429 2240 3491 definitivus
2281 3430 2424 3503 „das
2470 3429 2582 3488 Ge·-

438 3533 708 3592 schlecht
766 3535 872 3594 der
915 3536 1297 3594 Menschen“.
1386 3537 1459 3594 cf.
1504 3535 1734 3594 Klein
1756 3554 1788 3592 e
1845 3535 1957 3608 „de
2003 3531 2267 3607 genetivi
2325 3553 2437 3591 usu
2481 3531 2583 3590 Li-

436 3636 655 3697 viano“
697 3657 897 3715 gymn.
952 3658 1149 3715 progr.
1197 3637 1376 3697 Oleve
1427 3642 1588 3696 1865
1636 3658 1694 3715 p.
1728 3642 1806 3696 20
1854 3655 2017 3716 seqq.
2065 3669 2148 3678 --
2206 3635 2327 3694 Vix
2384 3640 2582 3692 autem

388 3752 393 3758 ’
436 3746 643 3818 aptum
702 3745 795 3799 est
839 3741 992 3820 quod
1041 3740 1335 3800 declarem
1389 3741 1455 3799 in
1513 3740 1711 3799 locum
1755 3740 1852 3800 vel
1910 3739 2089 3815 hujus
2134 3737 2397 3812 genetivi
2445 3739 2580 3795 sub-

439 3845 607 3903 stitui
650 3863 823 3920 posse
869 3843 1191 3919 adjectiva:

618 3948 674 4021 1)
719 3941 904 4023 γένος.
969 3944 1128 4023 Sept.
1176 3950 1328 4006 218:
1371 3938 1673 4020 δαιμόνων
1714 3944 1890 4020 τιμᾶν
1934 3940 2120 4022 γένος.
2191 3948 2344 4003 2383
2388 3962 2582 4021 γυναι-

442 4050 567 4106 κῶν
612 4082 694 4092 --
737 4045 921 4127 γένος.
967 4083 1053 4092 --
1097 4049 1241 4108 457.
2108 4102 2112 4106 .

614 4151 773 4227 Sept.
824 4151 941 4210 587
957 4174 971 4211 3
1032 4144 1246 4210 ὄλωλεν
1304 4145 1544 4230 ἀνδρῶν
1605 4142 1715 4209 σύν
1757 4143 2108 4232 θεοπτύστῳ
2162 4145 2327 4228 γένει.
2415 4148 2578 4207 Pers.
