3017 4759
56 9 595 118 π’

1225 362 1311 373 -
1401 325 1527 393 113
1604 270 1698 373 ’-

384 484 547 562 Sept.
597 486 753 544 2353
798 478 1089 551 δουλείας.
1165 481 1248 542 ib.
1288 486 1436 544 5443
1481 482 1717 542 πυκνοῦ
1759 480 2128 560 κροτησμοῦ.
2200 481 2369 542 Pers.
2403 484 2551 540 5063

383 583 695 666 σωτηρίας.
784 583 991 663 Suppl'.
1041 588 1152 644 633
1197 576 1575 663 δυσμάτορος
1617 575 1819 643 κότου.
1906 582 1990 643 ib.
2038 587 2197 642 369:
2250 579 2422 652 δίκας
2464 614 2550 626 -

383 683 663 765 ἐννόμου.
735 687 817 749 ib.
852 689 1009 748 7533
1054 679 1280 767 βρόχου
1324 720 1407 731 -
1454 682 1519 745 ἐν
1563 675 1868 766 άρτάναις.
1945 691 2057 762 Ag.
2096 689 2248 745 1623
2292 683 2548 764 φρενῶν.

380 790 462 851 ib.
511 795 667 851 483:
728 790 870 865 μιᾶς
928 809 1006 851 so.
1066 785 1321 859 ἐλπίδος.
1411 788 1492 848 ib.
1546 792 1703 849 8303
1761 779 2134 868 τραυμάτων.
2220 787 2303 847 ib.
2354 780 2551 846 12463

382 891 624 973 καιρίας
665 894 910 972 πληγῆς.
999 892 1083 952 ib.
1139 895 1332 950 13123
1379 888 1618 967 βουλῆς.
1708 892 1816 951 011.
1866 894 2021 950 1953
2068 885 2380 968 σωτηρίας.
2467 889 2550 948 ib.

385 999 539 1057 2103
580 986 1019 1074 κατευγμάτων.
1082 996 1257 1054 Eum.
1289 992 1368 1052 47
1378 997 1443 1052 33
1486 985 1837 1071 πράγματος
1864 984 2223 1072 νικηφόρου.
2283 991 2365 1050 ib.
2398 991 2552 1052 7093

384 1098 490 1176 τῆς
534 1095 724 1175 δίκης.
816 1096 1144 1158 Genetivus
1191 1099 1283 1155 est
1326 1094 1602 1154 neutrius
1646 1094 2020 1172 pronominis
2066 1096 2165 1155 Pr.
2198 1097 2356 1154 242:
2401 1096 2553 1170 θνη-

381 1194 526 1270 τούς
569 1192 622 1257 δ’
655 1196 719 1259 ἐν
764 1197 944 1282 οἴκτῳ
975 1195 1375 1279 προθέμενος,
1421 1190 1645 1256 τούτου
1674 1199 1870 1274 τυχεῖν
1900 1188 2013 1257 ούκ
2042 1189 2321 1274 ἠξιώθην
2350 1189 2551 1266 αὐτός.

384 1302 554 1381 Sept.
601 1307 755 1363 5333
817 1299 873 1362 εί
923 1294 1036 1382 γάρ
1095 1294 1329 1379 τύχοιεν
1389 1285 1474 1358 ὧν
1519 1298 1816 1380 φρονοῦσι
1873 1291 2027 1378 πρός
2068 1299 2251 1358 θεοῖν.
2340 1297 2551 1377 Suppl.

391 1410 545 1468 5043
602 1406 723 1464 τῶν
768 1397 820 1463 σ’
864 1402 1016 1484 ἔρως
1058 1401 1172 1482 ἔχει
1214 1406 1425 1481 τυχεῖν.
1517 1403 1596 1462 ib.
1647 1406 1807 1463 9563
1861 1399 2110 1461 τοιῶνδε
2151 1393 2555 1480 τυγχάνοντας

387 1540 490 1567 —.
583 1507 914 1570 Genetivus
959 1511 1052 1567 est
1097 1505 1640 1581 subintelligendus
1686 1508 1798 1581 Ag.
1844 1508 2035 1564 1184:
2081 1495 2200 1563 οὔκ
2246 1494 2411 1563 οἶδεν
2455 1494 2554 1563 οἷα

391 1610 626 1690 γλῶσσα
670 1610 922 1687 μισητῆς
963 1603 1149 1680 κυνός
1185 1605 1196 1692 Ι
1233 1605 1445 1682 λέξασα
1489 1606 1593 1667 καὶ
1638 1606 1913 1666 κτείνασα
1958 1599 2333 1686 φαιδρόνους
2378 1604 2553 1683 δίκην

389 1708 398 1793 Ι
448 1703 594 1789 ἄτης
651 1712 951 1792 λαθραίου
1011 1706 1273 1785 τεύξεται
1329 1711 1491 1794 κακῇ
1548 1703 1714 1795 τύχη.
1783 1698 1919 1770 'Est
1964 1708 2124 1770 enim
2170 1710 2554 1770 construendi

384 1814 575 1874 ratio:
642 1805 740 1873 οἷα
796 1811 1006 1886 λέξασα
1063 1810 1164 1873 καὶ
1231 1812 1505 1873 κτείνασα
1565 1806 1941 1894 φαιδρόνους
2004 1806 2263 1885 τεύξεται
2328 1813 2557 1874 scilieet

392 1935 616 1976 αυτων.

558 2019 884 2079 Praetereo.
927 2020 1032 2079 011.
1068 2023 1188 2078 469
1236 2038 1345 2097 pro
1390 2052 1477 2063 -
1520 2011 1759 2076 τοιάνδε
1788 2033 1900 2078 σου
1929 2016 2129 2098 χρείαν
2161 2015 2292 2096 ἔχω,
2341 2021 2556 2098 φυγεῖν

389 2125 501 2182 eto.
549 2121 928 2182 scribendum
978 2142 1107 2181 esse
1146 2121 1446 2198 judicavit
1473 2121 1897 2183 Hermannust
1943 2119 2187 2181 τοιῶνδε
2215 2136 2326 2180 σου
2356 2120 2556 2200 χρείαν

389 2219 542 2302 ἔχων
569 2227 781 2302 τυχεῖν.
813 2259 897 2269 -—
943 2226 1254 2285 Postremo
1300 2226 1405 2285 011.
1439 2229 1600 2285 9423
1649 2223 1843 2283 Δίκαν
1889 2220 1955 2283 δέ
1985 2244 2079 2284 νιν
2106 2216 2553 2303 προσαγορεύο-

393 2345 502 2402 μεν
545 2323 757 2407 βροτοὶ
799 2320 1072 2405 τυχόντες
1115 2328 1311 2398 καλῶς
1355 2327 1832 2388 Abresohius
1892 2348 1970 2389 ex
2027 2329 2213 2389 verbo
2258 2343 2554 2408 προσαγο-

391 2421 644 2508 ρεύομεν
699 2431 1128 2490 adsumendum
1191 2451 1320 2491 esse
1382 2430 1619 2491 censuit
1660 2430 1769 2489 τοῦ
1814 2422 2378 2511 προσαγορεύματος
2418 2431 2459 2489 i.
2506 2451 2555 2491 e.

389 2532 500 2590 τοῦ
563 2523 857 2609 ὀνόματος
919 2539 987 2593 ut
1052 2534 1586 2613 interpretaretur:
1655 2553 1904 2608 „verum
1969 2553 2187 2592 nomen
2252 2533 2558 2593 adsecuti“

389 2634 904 2695 Blomfieldus
969 2630 1492 2717 προσαγορεύομεν
1556 2628 1832 2713 τυχόντες
1896 2636 2091 2706 καλῶς
2155 2635 2318 2696 idem
2382 2636 2557 2696 duxit

390 2737 594 2798 valere
654 2739 813 2819 quod
873 2732 1421 2819 προσαγορεύοντες
1474 2739 1672 2809 καλῶς
1714 2736 1935 2817 ἔτυχον.
2024 2738 2140 2798 Sed
2198 2738 2341 2798 illa
2397 2739 2553 2800 ratio

393 2841 463 2897 ut
489 2858 707 2900 vereor
735 2860 813 2899 ne
857 2841 938 2900 sit
967 2842 1353 2904 artificiosior
1384 2861 1563 2922 quam
1593 2842 1820 2916 verior,
1865 2843 1953 2902 ita
1995 2844 2178 2902 haee
2221 2863 2342 2902 non
2372 2842 2558 2903 habet

395 2957 513 3018 quo
561 2940 1027 3015 commendetur,
1074 2943 1361 3022 quoniam
1404 2945 1565 3020 apud
1601 2944 1972 3022 Aeschylum
2013 2938 2322 3024 τυγχάνειν
2366 2946 2555 3006 omni-

395 3044 510 3102 bus
551 3041 702 3103 loeis
749 3048 842 3103 est
882 3044 1093 3118 finale,
1156 3046 1313 3126 quod
1359 3049 1608 3119 vocant,
1670 3047 1920 3107 verbum
1966 3046 2070 3106 011.
2124 3050 2231 3107 143
2291 3039 2333 3123 ἢ
2376 3044 2553 3128 πατρὶ

393 3137 577 3229 τώμῷ
632 3136 798 3204 τάσδ’
859 3138 1177 3217 ἐπεικάσας
1220 3139 1374 3224 τύχω
1418 3139 1563 3224 χοάς
1605 3140 1926 3228 φερούσας.
2014 3149 2097 3208 ib.
2147 3152 2303 3211 3093
2363 3148 2422 3209 τί
2463 3167 2559 3212 σοι

396 3240 668 3325 φάμενος
711 3240 754 3325 ἢ
797 3247 853 3308 τί
894 3245 1067 3327 ῥέξας
1123 3246 1133 3332 Ι
1184 3241 1411 3327 τύχοιμ’
1455 3242 1533 3309 ἂν
1591 3245 1814 3310 ἕκαθεν
1856 3243 2122 3330 οὐρίσας.
2213 3252 2559 3334 Eademque

397 3356 491 3411 est
547 3351 703 3410 ratio
759 3350 1028 3412 locorum
1083 3352 1455 3433 reliquorum
1515 3354 1621 3413 011.
1672 3352 1813 3428 670,
1862 3356 2005 3412 994.
2064 3355 2237 3414 Eum.
2285 3355 2426 3416 714.
2471 3391 2557 3401 --

394 3456 507 3528 Ag.
558 3457 679 3512 600
725 3474 904 3515 vero:
966 3454 1097 3525 πῶς
1141 3446 1267 3532 δῆτ’
1310 3446 1387 3514 ἂν
1431 3447 1617 3514 εἰπεῖν
1658 3447 1840 3514 κεδνοὶ
1882 3446 2120 3534 τάληθῆ
2162 3449 2363 3537 τύχοις
2419 3440 2561 3539 111·οέ

394 3559 556 3617 fecto
603 3560 695 3616 est
739 3561 1071 3619 structura:
1138 3558 1270 3628 πῶς
1314 3555 1464 3635 δῆτα
1510 3550 1698 3617 είποὶν
1740 3551 1921 3617 κεδνοὶ
1963 3550 2162 3637 τύχοις
2204 3551 2283 3621 άν
2326 3553 2558 3640 τάληθῆ

395 3652 615 3732 εἰπών,
681 3660 771 3720 ita
810 3665 880 3720 ut
935 3660 1323 3740 participium
1384 3654 1572 3720 είποόν
1636 3660 1715 3720 sit
1772 3660 2260 3738 intellegendum.
2367 3665 2556 3726 Porro

397 3761 604 3840 Suppl.
640 3762 799 3823 7693
848 3759 1069 3823 ἐλθέτω
1106 3756 1294 3844 μόρος
1339 3755 1457 3843 πρό
1504 3760 1605 3821 κοί
1642 3759 1652 3845 Ι
1690 3782 1797 3833 τας
1838 3761 2127 3842 γαμηλίου
2156 3754 2352 3839 τυχοόν
2395 3763 2555 3822 haud

399 3864 580 3924 dubie
624 3856 930 3944 τυγχάνειν
975 3865 1221 3925 denotat
1264 3864 1572 3939 „accidere
1618 3862 1804 3943 (Sept.
1842 3868 1897 3925 5.
1942 3869 2052 3940 Ag.
2088 3870 2228 3924 334.
2275 3865 2380 3926 011.
2415 3869 2555 3940 205,

401 3965 545 4026 727.
607 3964 810 4045 Suppl.
861 3965 1010 4045 385)
1040 3992 1128 4018 =
1157 3967 1433 4027 accidens
1491 3972 1633 4027 ante
1689 3968 1974 4046 nuptias“
2034 3967 2237 4047 (aliter
2296 3967 2561 4046 explieat

400 4068 764 4131 Scholiastes
796 4071 913 4131 Ma
958 4063 1184 4147 τυχῶνε
1231 4066 1382 4147 ἐμοῦ
1425 4062 1743 4148 δηλονότι).
1813 4068 2063 4130 Minime
2108 4089 2274 4131 meae
2318 4076 2559 4131 senten-

400 4172 524 4233 tiae
567 4172 802 4233 oonfido
849 4173 1157 4237 adversari
1202 4174 1363 4256 quod
1405 4174 1659 4251 legimus
1704 4174 1865 4254 Sept.
1914 4178 2068 4234 5033
2113 4165 2307 4257 σωτὴρ
2352 4165 2561 4254 γένοιτ’

2110 4283 2145 4339 8
