3017 4759
1327 345 1756 410 -66-

387 505 393 510 “
454 534 541 546 —-
584 500 756 560 Addo
803 501 905 561 Pr.
952 504 1076 558 992
1122 533 1208 544 —-
1262 501 1376 575 Ag.
1427 505 1570 574 381,
1630 500 1737 560 ubi
1789 492 1939 569 θεός
1998 501 2330 576 subjectum
2387 518 2623 565 sumen-

458 604 598 662 dum
643 608 736 663 est
778 622 856 663 ex
899 594 1065 672 οὔτις
1095 603 1280 674 θεῶν,
1328 623 1523 684 neque
1566 603 1855 662 dissimile
1901 607 1993 662 est
2033 602 2116 662 ib.
2152 607 2231 661 69
2279 601 2504 682 (Schol.
2536 604 2621 662 Μ.

459 704 645 764 λείπει
703 697 768 764 τό
829 706 961 783 τις).
1016 739 1100 749 —-
1160 704 1277 765 Sed
1335 705 1509 765 mitto
1569 706 1745 783 plura
1803 705 2116 765 nominare
2178 705 2454 784 exempla
2506 707 2625 764 hoc

457 828 646 867 unum
689 827 891 883 agens,
947 808 1114 867 locus
1157 812 1228 867 ut
1272 807 1526 868 clariore
1571 808 1638 867 in
1680 809 1814 868 luce
1861 807 2205 885 collocetur,
2250 812 2321 867 ut
2364 807 2623 866 exidisse

458 931 706 989 prorsus
753 910 907 969 nihil
952 915 1256 989 appareat.
1343 911 1560 989 Itaque
1606 911 1785 971 redeo
1831 911 1905 970 ad
1961 931 2135 972 usum
2180 910 2520 987 adjectivi,⁴
2550 910 2624 968 de

460 1033 579 1093 quo
626 1013 984 1094 quaerimus,
1075 1013 1457 1074 Absolute
1512 1005 1913 1093 λυμαντήριος
1955 1017 2281 1090 usurpatur
2324 1014 2422 1073 Pr.
2471 1017 2626 1072 990:

460 1100 604 1195 πρὶν
647 1108 723 1173 ὅὶν
763 1116 1041 1198 χαλασθῇ
1085 1109 1273 1191 δεσμοὶ
1317 1109 1708 1194 λυμαντήρια.

633 1219 698 1294 9)
744 1211 1239 1297 θρεπτήριος.
1332 1219 1479 1278 Cum
1539 1217 1895 1296 pronomine
1954 1218 2292 1297 possessivo
2360 1217 2626 1293 genetivi

460 1300 835 1400 pronominis
878 1320 1212 1399 personalis
1267 1319 1399 1379 loco
1445 1321 1642 1398 posito
1690 1322 2098 1397 coagmentari
2142 1342 2320 1398 posse
2364 1323 2481 1381 hoc
2524 1320 2628 1378 ad-

456 1425 750 1503 jectivum
796 1423 1183 1498 cognoscitur
1224 1423 1358 1482 1000
1403 1425 1510 1483 ch.
1562 1429 1716 1484 532:
1761 1417 1984 1501 μαστὸν
2028 1418 2216 1501 ἐμόν
2258 1416 2630 1503 θρεπτήριον

463 1527 806 1607 (Schiitzius
850 1523 1044 1603 ἐμοῦ).
1078 1560 1162 1570 —-
1205 1528 1346 1586 Non
1391 1526 1589 1585 minus
1632 1527 1966 1587 insolenter
2009 1526 2321 1604 passive
2365 1523 2628 1604 positum

465 1636 556 1690 est
598 1631 706 1691 oh.
755 1636 827 1688 6:
885 1621 1193 1705 πλόκαμον
1235 1621 1437 1711 Ἰνάχῳ
1496 1621 1871 1709 θρεπτήριον
1929 1630 2155 1689 crinem
2196 1630 2427 1689 Inacho
2481 1647 2631 1702 „nu-

463 1731 714 1792 tritum“
774 1733 848 1791 cf.
893 1731 1107 1791 Blomf.
1153 1732 1331 1806 gloss.
1390 1752 1435 1792 s.
1480 1753 1541 1794 v.
1587 1737 1649 1791 et
1692 1733 1969 1793 Eustath.
2027 1734 2103 1791 ad
2144 1731 2220 1791 11.
2266 1734 2349 1806 11,
2395 1752 2453 1809 p.
2492 1735 2631 1790 165.-

642 1838 736 1893 10.
781 1827 1156 1913 λυτήριος.
1248 1836 1420 1893 Ε11111.
1470 1840 1624 1894 2942
1684 1828 1831 1905 θεὸς
1883 1831 1895 1916 Ι
1949 1827 2119 1905 ὅπως
2171 1829 2400 1914 γένοιτο
2454 1824 2630 1892 τῶνδ’

465 1932 598 2012 ἐμοὶ
642 1928 934 2015 λυτήριος.
1026 1937 1099 1996 de
1144 1936 1349 1997 dativo
1397 1931 1530 2012 ἐμοί
1583 1936 1723 1997 vide
1770 1956 1950 2016 supra
1992 1959 2051 2016 p.
2086 1941 2164 1996 65
2213 1957 2258 1995 s.
2304 1927 2630 2013 βουλευτή-

465 2058 611 2119 ριος.
699 2039 1351 2125 Ῡο1111ὺὶεεί111110100110
1398 2045 1489 2099 est
1533 2041 1637 2100 oh.
1690 2045 1842 2101 898:
1897 2035 2001 2098 καὶ
2045 2031 2165 2098 τότ’
2208 2030 2327 2115 ἤδη
2372 2031 2636 2097 ’πλοῦτον

474 2140 482 2224 Ι
533 2134 827 2218 δωμάτων
869 2134 1150 2221 λυτήριον
1192 2144 1312 2200 κτλ.
1403 2144 1627 2202 Parum
1686 2142 1848 2202 enim
1909 2146 2144 2202 constat
2202 2142 2276 2201 de
2336 2142 2635 2220 scriptura

465 2246 698 2323 pariter
726 2250 909 2325 atque
940 2244 1242 2304 sententia
1264 2246 1481 2304 horum
1502 2245 1959 2306 versiculorum.
1980 2279 2063 2289 --
2089 2246 2272 2304 Casus
2295 2244 2464 2303 deest
2492 2241 2638 2302 huic

467 2347 767 2426 adjectivo
811 2347 977 2427 Sept.
1029 2352 1147 2408 159
1195 2382 1279 2391 ——
1326 2345 1602 2423 δαίμονες
1642 2341 1912 2427 λυτήριοι
1959 2381 2039 2393 -
2083 2350 2258 2414 Eum.
2306 2352 2463 2408 636:
2525 2366 2636 2423 μη-

465 2445 617 2529 χανή
674 2443 967 2530 λυτήριος.
1067 2450 1276 2529 Suppl.
1330 2455 1522 2511 1039:
1582 2449 1882 2529 λυτηρίοις
1940 2452 2248 2527 μηχαναῖς.
2344 2449 2428 2509 ib.
2475 2452 2634 2507 258:

468 2545 699 2613 τούτων
743 2545 861 2629 ἄκη
898 2555 1117 2631 τομαῖα
1159 2549 1263 2612 καὶ
1305 2546 1553 2631 λυτήρια
1598 2545 1830 2627 πράξας
1873 2552 2247 2629 (genetivum
2288 2544 2516 2611 τούτων
2558 2552 2636 2608 ab

469 2647 588 2732 ι’ίκη
621 2675 975 2733 suspensum
1022 2676 1153 2715 esse
1187 2657 1513 2715 ostendunt
1557 2655 1835 2733 exempla
1866 2674 2019 2734 quae
2051 2655 2398 2716 enumeravi
2439 2674 2498 2731 p.
2535 2657 2635 2711 31.

648 2756 749 2835 11)
795 2749 1224 2836 ἔλατήριος.
1316 2758 1422 2817 ch.
1471 2762 1628 2817 962:
1689 2750 1833 2816 ὅταν
1875 2748 1985 2832 ἀφ’
2030 2753 2223 2830 ἑστίας
2278 2748 2469 2833 μύσος
2513 2754 2638 2813 πᾶν

472 2857 664 2945 ἐλαθῇ
708 2860 817 2938 (Μ.
863 2853 1051 2919 ἐλάσει
1099 2860 1366 2920 correxit
1405 2858 1739 2937 Kayserus)
1783 2862 2193 2938 καθαρμοῖσιν
2238 2853 2390 2919 ἀτᾶν
2434 2856 2638 2934 ἐλατη-

471 2962 646 3044 ρίοις.
737 2964 960 3022 Omnes
1024 2962 1197 3023 libri:
1259 2965 1605 3042 καθαρμοῖς
1663 2955 1829 3021 ἅπαν
1887 2957 2212 3042 ἕλατήριον.
2316 2961 2637 3021 Schiitzius

472 3066 843 3129 emendavit:
905 3068 1248 3146 καθαρμοῖς
1305 3059 1459 3126 ἆτᾶν
1515 3062 1865 3145 ἐλατηρίοις.
1949 3065 2150 3126 Schol.
2196 3066 2280 3125 Μ.
2339 3063 2632 3142 explicat:

472 3163 783 3251 ἐλατήριον
823 3163 892 3229 δὲ
933 3162 1000 3230 τό
1047 3162 1424 3251 καθαρτικόν
1467 3160 1814 3249 φάρμακον.

1528 3359 1586 3420 1).

644 3476 961 3556 Adjcctiva
1017 3477 1085 3537 in
1144 3470 1377 3557 οτήριος
1420 3475 1761 3536 desinentia
1805 3477 2110 3536 commode
2156 3497 2267 3536 nos
2310 3477 2637 3536 traducunt

475 3581 551 3640 ad
596 3584 877 3655 cognata,
941 3599 1132 3659 quae
1176 3614 1262 3623 —-
1305 3571 1438 3657 τήρ
1485 3583 1561 3638 et
1602 3613 1687 3624 --
1730 3598 1876 3660 τωρ
1922 3579 2171 3656 syllabis
2214 3579 2635 3640 terminantur.

474 3683 664 3761 Saepe
709 3682 869 3742 enim
913 3684 989 3743 ab
1020 3681 1322 3760 Aeschylo
1365 3681 1711 3758 hujusmodi
1754 3701 1933 3744 voees
1969 3702 2092 3741 non
2124 3682 2637 3744 substantivorum

478 3787 580 3845 sed
625 3786 1061 3862 adjectivorum
1103 3785 1298 3845 instar
1341 3805 1471 3844 esse
1516 3785 1743 3863 positas
1788 3790 1929 3845 ante
1972 3786 2341 3847 Brunckium
2378 3787 2504 3862 311111
2547 3785 2638 3847 vi-

479 3891 570 3949 dit
610 3890 997 3964 Abreschius,
1042 3894 1112 3949 ut
1155 3894 1361 3949 monet
1401 3888 1724 3949 Schiitzius
1768 3890 1842 3949 ad
1889 3890 2051 3968 Sept.
2097 3910 2155 3953 v.
2205 3895 2347 3949 209.

648 3995 712 4071 α)
757 3993 1057 4070 adjectiva
1098 3993 1165 4051 in
1209 3984 1320 4072 τήρ
1353 3992 1645 4053 cadentia.
1710 3993 1785 4052 cf.
1831 3986 2081 4072 δαϊκτὴρ
2113 3985 2255 4071 γόος
2297 3991 2457 4069 Sept.
2492 3995 2637 4049 893.

657 4096 717 4173 1)
763 4087 1202 4175 μαστικτήρ.
1268 4095 1476 4172 Suppl.
1509 4099 1664 4155 449:
1711 4086 1947 4170 ἤκουσα
1975 4094 2343 4172 μαστικτῆρα
2386 4090 2639 4170 καρδίας

478 4188 676 4274 λόγον.
745 4199 1109 4277 μαστικτῆρα
1154 4198 1490 4258 emendatio
1538 4203 1630 4257 est
1672 4197 1907 4258 Aurati.
1976 4198 2054 4258 In
2096 4199 2184 4257 Μ.
2217 4195 2479 4277 legitur:
2526 4216 2636 4272 μα-
