3017 4759
1212 307 1637 373 „45-

348 464 520 525 τείνει
566 459 796 545 πύργος
824 463 937 545 -)
981 485 1276 545 nusquam
1317 465 1546 541 legitur
1588 465 1652 524 in
1684 464 1976 543 Aeschyli
2019 464 2346 541 tragoediis
2389 465 2510 525 nisi

347 572 512 629 Pers.
547 573 703 629 328:
760 568 994 627 πολλῶν
1039 560 1352 643 παρόντων
1401 561 1510 642 [δ’]
1557 561 1707 644 ὀλίγ’
1759 558 2101 646 ἆπαγγὲλλω
2146 562 2339 641 κακά,
2401 570 2507 630 ubi

348 671 794 733 substantivum
851 662 1008 728 xax'oe'
1066 670 1133 728 in
1192 671 1401 730 eodem
1459 690 1602 729 casu
1667 675 1759 729 est
1815 655 2187 730 collocatum.
2276 673 2511 730 πολλῶν

348 769 666 853 παρόντων
708 774 933 852 (Schol.
965 775 1085 832 M.:
1141 771 1327 832 λείπει
1371 767 1436 831 τό
1482 771 1712 847 κακῶν)
1758 772 2077 847 genetivus
2138 779 2229 833 est
2274 775 2510 853 partiti-

347 897 462 938 vus
506 898 578 951 „e
621 876 830 937 multis
873 911 954 919 —-
1001 894 1193 955 pauca
1235 876 1450 935 mala.“

519 972 731 1055 βαιά.
798 981 964 1039 PerS.
1002 984 1160 1038 9963
1206 971 1350 1054 βαιά
1394 970 1446 1055 γ’
1492 970 1575 1046 ῶς
1619 970 1742 1037 ἀπό
1790 979 2042 1037 πολλῶν.
2116 980 2510 1060 Nequaquam

344 1081 853 1160 praepositionem
909 1082 1066 1140 hanc
1111 1072 1235 1140 ἆπό
1281 1081 1488 1140 eadem
1545 1080 1780 1140 ratione
1837 1080 2092 1159 positam
2153 1102 2282 1141 esse
2327 1084 2507 1145 debe-

346 1205 479 1244 mus
536 1185 787 1256 ducere,
853 1203 972 1262 qua
1039 1204 1074 1242 a
1130 1182 1339 1243 latinis
1400 1182 1795 1261 scriptoribus
1855 1183 2330 1260 praepositiones
2391 1208 2508 1262 ex,

347 1288 464 1360 de,
523 1287 737 1346 inter
789 1291 1161 1364 usurpantur
1216 1305 1324 1364 pro
1370 1285 1653 1361 genetivo
1700 1284 2012 1363 partitiv0.
2100 1286 2507 1366 Principalem

347 1389 749 1464 significatum
780 1389 1052 1451 servavit
1089 1389 1458 1467 praepositio
1492 1393 1564 1448 ut
1591 1389 1809 1448 merito
1839 1387 2279 1466 interpretatur
2307 1392 2504 1453 Schol.

347 1494 463 1552 M.:
524 1484 687 1572 όλίγα
748 1484 1000 1566 ἐσώθη
1059 1484 1209 1549 ἀπὸ
1263 1482 1482 1566 πολλῆς
1538 1490 1885 1560 πανοπλίας.
1973 1492 2161 1552 Thuc.
2192 1494 2312 1565 ΠΙ,
2365 1498 2505 1568 112,

351 1599 418 1653 83
481 1587 664 1673 όλίγοι
727 1587 849 1653 ἆπὸ
910 1594 1145 1652 πολλῶν
1190 1586 1525 1669 ἐσώθησαν.
1619 1595 1671 1665 Ι,
1721 1597 1862 1666 110,
1915 1598 1938 1651 l
2000 1592 2101 1670 (cf.
2150 1595 2257 1668 IV,
2305 1603 2369 1670 9,
2423 1599 2503 1676 1.)

344 1696 486 1770 VII,
534 1697 631 1770 87,
679 1702 746 1756 6:
793 1690 981 1774 ὀλίγοι
1027 1686 1147 1752 «ind
1181 1696 1415 1754 πολλῶν
1449 1731 1516 1739 -——
1559 1690 1985 1771 ἀπενόστησαν.
2074 1699 2287 1776 Neque
2323 1700 2504 1758 aliter

340 1798 728 1875 judicandum
774 1805 866 1859 est
908 1800 983 1858 de
1027 1798 1176 1858 locis
1214 1797 1557 1858 Homericis
1604 1799 1711 1859 Od.
1746 1797 1860 1871 IX,
1912 1803 2051 1872 192,
2095 1792 2354 1878 -οοἶον
2396 1794 2503 1861 ἀπ’

345 1895 552 1959 ἄλλων.
641 1900 820 1976 ΧΧῙ,
865 1906 1024 1963 3643
1071 1891 1202 1959 οἷον
1247 1892 1349 1959 ἀπ’
1383 1894 1732 1978 ἀνθρώπων
1776 1901 1877 1979 (cf.
1923 1901 2011 1962 ibi
2042 1903 2268 1963 Ameis.
2317 1905 2497 1983 adn.).

520 2009 576 2063 3.
625 1994 748 2074 εἷς.
842 2005 1005 2082 Sept.
1042 2008 1196 2063 5263
1243 2004 1418 2078 φῶτα
1463 2003 1773 2079 Καδμείων
1818 2000 1936 2062 ἕνα.
2025 2007 2197 2065 Eum.
2233 2005 2389 2066 579:
2431 2005 2502 2067 ἓν

343 2102 451 2183 μὲν
492 2099 622 2165 τόδ’
674 2100 791 2184 ἤδη
837 2108 953 2165 τῶν
990 2108 1173 2186 τριῶν
1204 2100 1646 2183 παλαισμάτων.
1735 2109 1835 2166 Pr.
1872 2112 2024 2167 863:
2071 2107 2211 2184 μίαν
2255 2104 2321 2166 δὲ
2364 2109 2499 2168 παί-

343 2206 482 2269 δων.
534 2242 616 2253 —

521 2317 576 2372 4.
624 2305 908 2383 οὐδείς.
1001 2313 1172 2372 Eum.
1210 2316 1360 2371 101:
1424 2306 1677 2381 οὐδεὶς
1733 2303 1883 2390 ὖπέρ
1929 2333 2047 2388 μου
2093 2306 2497 2388 δαιμόνων

342 2412 624 2490 μηνίεται.
712 2415 793 2476 ib.
830 2419 980 2475 1093
1041 2408 1204 2494 ῶραν
1249 2407 1585 2484 οὐδενός
1629 2407 1838 2492 κοινὴν
1882 2416 2112 2474 θεῶν.
2204 2418 2302 2475 Pr.
2338 2421 2495 2479 9123

338 2511 542 2588 οὐδεὶς
586 2519 806 2577 θεῶν.

512 2625 568 2680 5.
642 2625 924 2681 neutrum
991 2612 1245 2680 οὐδέν.
1337 2621 1547 2699 Suppl.
1598 2626 1751 2680 695:
1822 2613 1997 2680 οὐδὲν
2064 2619 2225 2680 ἔσται
2288 2621 2492 2682 τῶνδε.

336 2725 536 2782 Prom.
570 2728 728 2782 9623
774 2719 967 2807 πεύσῃ
1000 2716 1111 2801 γάρ
1145 2716 1321 2783 οὐδὲν
1351 2710 1435 2782 ῶν
1464 2718 1794 2803 ἀνιστορεῖς
1825 2720 1938 2799 ἐμέ.
2018 2726 2100 2785 ib.
2137 2731 2292 2784 983:
2341 2722 2495 2803 ἐρεῖν

339 2822 536 2896 ἔοικας
593 2818 771 2885 οὐδὲν
832 2812 917 2884 ῶν
975 2818 1165 2909 χρῄζει
1224 2819 1441 2904 πατήρ.
1527 2826 1612 2888 ib.
1647 2832 1802 2887 994:
1868 2821 2087 2907 γνάψει
2142 2821 2254 2906 γᾶρ
2312 2822 2494 2887 οὐδὲν

341 2925 520 2986 τῶνδέ
564 2920 621 3004 μ’
667 2922 815 2987 ῶστε
859 2923 960 2986 καὶ
1008 2921 1235 3007 φράσαι
1273 2929 1281 3008 1
1322 2923 1478 3007 πρός
1522 2916 1596 2987 οὗ
1643 2974 1654 2987 .
1690 2973 1703 2987 .
1738 2971 1751 2987 .

512 3036 567 3091 6.
615 3030 892 3109 μηδείς,
984 3032 1410 3090 Mas-culino
1455 3033 1679 3090 nullo
1727 3031 2033 3091 omnino
2079 3034 2239 3090 loco
2286 3053 2489 3091 usum

335 3152 506 3192 esse
551 3135 1031 3212 Aeschylum
1074 3133 1383 3209 dignum
1444 3138 1561 3192 est
1626 3134 1822 3212 quod
1879 3138 2205 3193 notetur.
2297 3135 2488 3193 Neu-

333 3240 530 3310 trum
577 3232 792 3312 μηδὲν,
840 3236 1001 3315 quod
1045 3236 1394 3315 quindecies
1441 3236 1684 3295 omnino
1729 3235 2060 3314 reperitur,
2127 3237 2312 3294 semel
2356 3241 2487 3295 tan-

330 3342 461 3396 tum
507 3338 771 3397 sociatur
814 3358 947 3397 cum
993 3340 1275 3414 genetivo
1306 3339 1600 3417 partitivo
1645 3340 1809 3416 Sept.
1844 3344 1998 3399 2323
2045 3331 2119 3397 οὔ
2167 3340 2304 3416 σῖγα
2349 3359 2488 3415 μη-

335 3433 454 3496 δὲν
499 3434 699 3498 τῶνδ’
751 3437 904 3520 ἐρεῖς
946 3435 1099 3500 κατα
1143 3435 1376 3513 πτόλινς

509 3541 562 3601 7.
611 3535 914 3613 πάντες.
961 3543 1060 3622 (de
1103 3549 1319 3604 neutro
1365 3546 1489 3603 πᾶν
1521 3538 1739 3624 χρόνου
1783 3547 1957 3605 Eum.
1993 3550 2113 3603 660
2160 3566 2218 3607 v.
2264 3566 2322 3624 p.
2356 3546 2484 3626 48.)

330 3643 536 3721 Suppl.
585 3645 839 3707 exhibet
873 3648 992 3706 M.:
1059 3641 1310 3707 ἀστῶν
1368 3642 1433 3706 δὲ
1486 3649 1634 3706 πᾶσι
1679 3646 1945 3706 τοῖσδε
1988 3641 2284 3718 κοινώσας
2325 3646 2479 3727 πέρι.

327 3747 691 3808 Emendavit
734 3748 1030 3824 Scaliger:
1092 3743 1361 3819 ἀστοῖς
1404 3744 1468 3807 δὲ
1516 3751 1657 3808 πᾶσι
1704 3731 1930 3809 τῶνδε.
1969 3794 2018 3821 .‚
2070 3751 2227 3809 nihil
2271 3755 2345 3809 ut
2385 3750 2482 3823 sit,

331 3850 491 3927 quod
535 3851 858 3910 desideres.
946 3851 1264 3914 Pauwius:
1327 3844 1416 3909 οἷσ
1432 3853 1579 3909 τῶν
1623 3870 1686 3930 γε
1729 3853 1831 3909 πᾶ
1847 3868 1917 3909 σι
1964 3851 2148 3910 τῶνδε
2194 3853 2483 3911 κοινῶσαι

329 3948 461 4031 πέρι
482 3998 498 4025 ,
547 3972 723 4032 quam
770 3954 1163 4014 mutationem
1210 3955 1627 4031 comprobavit
1669 3954 1989 4013 Heathius.

500 4061 555 4115 8.
615 4049 919 4134 ἥμισυς.
1006 4057 1180 4117 Eum.
1229 4061 1386 4116 4243
1450 4055 1623 4114 δυοῖν
1666 4049 1993 4135 παρόντοιν
2037 4048 2256 4134 ἥμισυς
2299 4048 2479 4135 λόγου

324 4178 506 4238 παρα.
