3017 4759
1223 338 1650 404 -47—

361 493 533 553 Eum.
573 497 641 554 1:
705 494 1009 573 πρῶτον
1052 490 1186 569 μὲν
1231 489 1373 578 εὐχῇ
1416 493 1558 577 τῇδε
1602 487 1912 575 πρεσβεύω
1959 496 2121 555 θεῶν
2160 496 2169 566 1
2207 490 2315 573 τὴν
2357 518 2517 577 πρω-
2567 553 2570 560 .

360 589 645 671 τόμαντιν
677 596 884 654 Γαῖαν.
935 631 1016 641 —-
1063 590 1304 670 μόνος.
1395 599 1561 657 Pers.
1597 603 1748 657 630:
1795 590 1981 673 μόνος
2025 591 2100 655 ἂν
2127 600 2373 675 θνητῶν
2416 595 2518 658 πέ-

359 718 469 776 ρας
515 696 687 757 εἴποι.
780 701 952 759 Eum.
990 704 1144 761 813:
1191 693 1347 775 μόνη
1378 700 1575 758 θεῶν.
1663 701 1777 775 fig.
1820 705 1957 773 156,
2009 705 2077 760 1:
2124 694 2308 776 μόνος
2351 703 2518 766 θεῶν

357 793 471 879 γὰρ
507 794 779 870 Θάνατος
810 795 882 860 οὗ
918 796 1129 881 δώρων
1175 800 1305 885 ἐρᾷ.
1339 836 1421 846 ——
1471 802 1612 862 Vim
1656 802 2052 880 comparativi
2095 805 2283 864 habet
2313 824 2518 881 super-

359 902 587 964 lativus
630 906 794 964 Pers.
833 907 982 964 184:
1042 900 1281 984 μεγὲθει
1328 925 1390 963 τε
1448 906 1593 963 τῶν
1652 906 1788 963 νῦν
1847 901 2286 981 ἐκπρεπεστάτα
2345 899 2514 965 πολύ.

359 1006 533 1065 Eum.
569 1010 680 1066 31:
726 1003 830 1065 καὶ
865 1008 978 1064 νῦν
1012 1010 1204 1083 τυχεῖν
1234 1026 1305 1083 με
1338 1007 1484 1066 τῶν
1517 1002 1702 1081 πρὶν
1735 1000 2055 1067 εἰσόδων
2092 1010 2302 1089 μακρῷ
2340 1011 2349 1087 Ι
2390 1002 2515 1088 ἄρι-

357 1122 467 1166 στα
511 1105 735 1167 δοῖεν.“

529 1213 659 1270 Aut
701 1210 1020 1270 dicendum
1081 1217 1237 1272 erat:
1300 1212 1419 1269 τῶν
1463 1207 1607 1288 πρὶν
1651 1204 1899 1269 εἰσόδων
1941 1203 2161 1287 ἀμείνω
2208 1211 2368 1271 δοῖεν
2413 1219 2519 1273 aut

359 1312 569 1370 πασῶν
615 1304 866 1371 εἰσόδων
905 1306 1113 1390 ἄριστα
1152 1312 1330 1372 δοῖεν.
1421 1314 1495 1373 cf.
1542 1313 1750 1377 Herm.
1799 1315 1874 1373 ad
1917 1314 2053 1390 vig.
2098 1336 2158 1393 p.
2193 1315 2334 1374 718.
2422 1318 2514 1373 De

359 1416 491 1474 loco
537 1415 737 1493 priore
783 1416 909 1491 egit
949 1416 1338 1476 Blomfieldus
1383 1415 1459 1473 ad
1501 1418 1667 1475 Pers.
1705 1419 1846 1475 189.
1890 1450 1973 1460 -

533 1518 589 1595 0)
634 1518 800 1583 Quae
843 1520 1018 1579 modo
1060 1520 1340 1579 enarravi
1384 1518 1685 1595 adjectiva
1728 1538 1862 1578 cum
1893 1517 2176 1594 genetivo
2223 1518 2514 1597 partitivo

359 1625 731 1696 constructa,
789 1643 890 1696 ea,
951 1621 1236 1702 quoniam
1281 1624 1423 1680 sunt
1466 1621 1733 1697 ejusdem
1778 1621 2015 1697 generis
2061 1627 2241 1701 atque
2286 1621 2515 1695 geneti-

357 1744 473 1783 vus
488 1770 503 1796 ,
549 1723 710 1783 nihil
753 1725 982 1785 habent
1024 1723 1423 1784 difficultatis.
1514 1723 1970 1802 Relinquuntur
2009 1723 2058 1782 ii
2100 1724 2252 1797 loci,
2298 1724 2517 1803 quibus

358 1830 646 1885 neutra
689 1827 1122 1903 adjectivorum
1178 1846 1312 1886 cum
1368 1825 1653 1901 genetivo
1698 1826 2020 1903 partitiv0,
2086 1826 2189 1906 qui
2246 1847 2367 1885 non
2424 1831 2516 1884 est

360 1928 626 2003 ejusdem
670 1930 934 2004 generis,
978 1931 1443 2006 conjunguntur.

531 2033 592 2110 α)
636 2031 907 2091 Primum
963 2032 1157 2107 igitur
1215 2031 1646 2091 consideranda
1707 2035 1849 2091 sunt
1908 2051 1978 2090 ea
2039 2031 2343 2108 exempla,
2410 2029 2515 2090 ubi

354 2154 422 2192 re
466 2148 614 2195 vera
659 2135 1039 2209 cogitandum
1084 2139 1177 2194 est
1218 2135 1291 2193 de
1336 2133 1682 2212 partitione.
1779 2135 1879 2191 Pr.
1930 2137 2087 2191 663:
2152 2124 2238 2191 τοὶ
2282 2126 2512 2191 λοιποὶ

356 2230 415 2293 δ’
481 2229 704 2295 ἄθλων.
793 2237 876 2297 ib.
924 2237 1078 2296 778:
1138 2231 1345 2295 πόνων
1404 2229 1474 2294 τὰ
1536 2227 1735 2295 λοιπά.
1826 2235 1935 2294 Oh.
1983 2239 2137 2292 395:
2202 2226 2513 2310 Ἀτρειδῶν

356 2329 428 2394 τοὶ
472 2332 631 2396 λοίπ’
683 2330 1000 2416 α’μηχᾶνως
1053 2336 1063 2420 Ι
1118 2335 1340 2414 ἔχοντα.
1430 2339 1629 2398 Schol.
1675 2339 1795 2397 M.:
1858 2328 2017 2413 ἡμᾶς
2074 2329 2216 2405 τούς
2274 2328 2513 2394 ὖπολοί-

358 2457 516 2508 πους
570 2440 688 2498 τῶν
740 2433 1070 2520 Ἀτρειδῶν.
1160 2441 1493 2517 Singularis
1557 2445 1757 2501 exstat
1814 2459 2098 2499 numerus
2141 2441 2307 2499 Pers.
2358 2443 2514 2500 991:

360 2532 508 2623 όρᾷς
567 2535 632 2600 τό
679 2536 890 2603 λοιπόν
948 2537 1083 2603 τόδε
1141 2537 1245 2614 τοὶς
1293 2541 1439 2620 ἐμᾶς
1483 2544 1710 2612 στολᾶς.
1799 2542 2022 2619 (801101.
2071 2544 2152 2602 Μ.
2201 2542 2515 2604 adnotavit

361 2646 617 2723 θεωρεῖς
660 2640 728 2705 τό
774 2646 1119 2724 περίλοιπον
1164 2641 1286 2723 ἐμὲ
1329 2645 1618 2721 λείψανον
1661 2645 1768 2722 τῆς
1812 2638 1952 2720 ὅλης
1994 2643 2310 2722 στρατιᾶς).

529 2749 626 2808 Ex
694 2749 1082 2828 superlativis
1154 2749 1300 2809 huic
1364 2748 1800 2827 adjectivorum
1871 2747 2094 2825 speciei
2160 2723 2514 2825 subjungam

360 2850 535 2911 Eum.
569 2856 726 2911 483:
790 2851 1040 2931 κρίνασα
1096 2844 1155 2909 δ’
1201 2842 1649 2911 ἅστῶν“τῶν
1696 2847 1891 2926 ἐμῶν
1926 2843 2010 2907 τοὶ
2056 2846 2380 2926 βέλτατα
2425 2855 2514 2909 at-

361 2972 477 3032 que
508 2955 680 3015 Eum.
717 2960 828 3015 31:
875 2956 994 3011 τῶν
1023 2951 1168 3032 πρὶν
1205 2946 1540 3013 εἰσόδων
1568 2944 2056 3033 -1ὄίριστά,
2104 2972 2281 3031 quem
2314 2955 2515 3012 locum

363 3077 543 3135 supra
581 3060 707 3134 jam
749 3057 1148 3118 laudavimus.

531 3160 759 3221 Eodem
819 3160 1045 3237 optimo
1099 3161 1236 3235 jure
1292 3156 1507 3218 videor
1565 3155 1720 3214 mihi
1776 3157 2004 3214 referre
2049 3158 2214 3215 Pers.
2249 3156 2326 3215 67
2335 3163 2402 3216 2:
2466 3148 2515 3216 ὦ

359 3257 538 3322 πιστοὶ
583 3264 810 3322 πιστῶν
828 3308 843 3334 ,
906 3282 1085 3342 quam
1127 3259 1419 3340 loquendi
1474 3259 1797 3319 formulam
1842 3257 2040 3317 Schol.
2071 3260 2155 3317 M.
2199 3278 2515 3336 perperam

363 3366 660 3444 explicat:
729 3362 793 3424 ἐκ
853 3366 1081 3423 πιστῶν
1134 3360 1406 3441 πατέρων
1451 3357 1648 3420 πιστοὶ
1704 3356 1840 3419 υἱοί.
1890 3393 1974 3404 ——
2018 3362 2210 3418 Immo
2269 3381 2514 3438 prorsus

362 3468 648 3544 adjectivi
692 3468 818 3529 vim
862 3465 1137 3546 apposito
1176 3464 1459 3542 adjectivi
1503 3464 1770 3541 ejusdem
1813 3464 2097 3539 genetivo
2144 3483 2333 3543 eoque
2380 3486 2515 3542 par-

359 3569 542 3632 titivo
581 3570 1013 3650 quodammodo
1059 3567 1268 3644 augeri
1314 3572 1375 3627 et
1418 3567 1712 3627 cumulari
1755 3567 1974 3627 docent
2017 3567 2295 3645 exempla
2336 3569 2516 3628 haec:

361 3672 605 3733 Diocles
650 3674 813 3733 Gom.
850 3678 905 3748 2,
951 3694 1010 3751 p.
1046 3676 1198 3731 838:
1259 3672 1526 3730 πλυνεῖτε
1586 3649 1658 3728 τοὶ
1701 3662 1859 3728 κακοὶ
1917 3671 2036 3728 τῶν
2079 3671 2283 3729 κακῶν
2339 3662 2513 3745 ὑμᾶς.

362 3776 546 3853 Soph.
576 3777 690 3834 Ph.
724 3779 837 3834 65:
881 3767 1078 3851 ἔσχατ’
1124 3767 1383 3850 ἐσχάτων
1414 3765 1590 3832 κακά.
1667 3773 1812 3831 Oed.
1844 3773 1917 3831 R.
1950 3775 2103 3831 465:
2148 3762 2357 3850 ἄρρητ’
2410 3765 2514 3851 ἆρ-

363 3870 577 3955 ρήτων.
673 3877 818 3936 Oed.
850 3878 974 3936 001.
1014 3881 1217 3935 1238:
1255 3873 1357 3933 ’ἵνα
1400 3867 1716 3952 πρόπαντα
1752 3876 1763 3951 Ι
1801 3867 1957 3932 κακοὶ
2001 3874 2206 3931 κακῶν
2236 3871 2513 3944 ξυνοικεῖ,

361 3979 468 4038 ubi
513 3979 874 4039 conferenda
917 3983 1059 4039 sunt
1100 3997 1252 4058 quae
1296 3976 1613 4038 adnotavit
1653 3975 1978 4051 Reisigius.
2020 4008 2101 4018 —-

535 4080 854 4141 Simillimo
919 4082 1099 4141 etiam
1157 4080 1333 4139 modo
1396 4112 1478 4122 ——-
1541 4078 1700 4158 quod
1730 4079 1905 4137 -haud
1967 4081 2072 4137 abs
2129 4097 2196 4136 re
2255 4078 2373 4137 erit
2413 4079 2516 4137 hic

362 4203 694 4244 memorare
749 4215 833 4227 -———
889 4184 1020 4261 ipse
1063 4183 1404 4260 Aeschylus
1450 4180 1816 4241 substantivi
1859 4179 2167 4238 notionem
2210 4184 2515 4258 tamquam
