3017 4759
1323 262 1751 328 -96....

457 419 634 478 docet
675 410 779 478 τόν
822 412 1051 476 ἔσωθεν
1094 437 1224 478 esse
1252 419 1682 497 reponendum.
1727 453 1813 462 -
1854 418 1975 479 Ubi
2021 418 2150 478 sine
2190 419 2474 494 genetivo
2522 420 2614 479 di-

462 521 620 582 citur
663 525 726 580 et
767 524 999 581 motum
1043 525 1105 580 et
1149 520 1418 601 quietem
1461 523 1738 582 denotat:
1785 523 1947 601 Sept.
1992 527 2146 581 543:
2213 519 2435 593 ἔξωθεν
2480 519 2618 581 εἷ’σω

459 625 541 704 τῷ
573 619 822 703 φέροντι
852 618 1163 700 μέμψεται.
1227 605 1342 700 Ag.
1370 629 1525 685 988:
1571 621 1711 684 εἴσω
1743 623 1989 701 κομίζου
2019 619 2120 683 καὶ
2151 617 2244 684 σύ.
2307 625 2393 685 ib.
2424 624 2618 684 12971

459 723 796 805 πέπληγμαι
841 723 1081 805 καιρίαν
1126 720 1355 804 πληγὴν
1410 724 1545 786 ἔσω.
1638 728 1744 787 Oh.
1781 731 1932 787 541:
1993 720 2171 803 τήνδε
2228 721 2337 803 μὲν
2378 727 2621 804 στείχειν

460 825 593 889 ἔσω.
681 830 766 890 ib.
802 833 953 888 842:
1001 826 1114 888 ἔσω
1149 822 1487 908 παρελθών.
1562 829 1645 890 ib.
1679 834 1835 891 912:
1884 824 1965 907 μή
1991 824 2173 909 ’λεγχε
2208 822 2312 888 τόν
2346 820 2620 888 πονοῦντ’

462 927 576 990 ἔσω
624 927 958 1008 καθημένη.
1045 932 1130 994 ib.
1166 936 1318 993 914:
1382 927 1588 1012 τρέφει
1644 928 1710 992 δέ
1753 924 1813 1011 γ’
1857 924 2079 1011 ἄνδρὸς
2124 924 2355 1009 μόχθος
2402 924 2621 1008 ἡμένας

460 1030 594 1092 ἔσω.
639 1069 726 1078 --
767 1037 1093 1095 Praeterea
1123 1037 1234 1096 eh.
1270 1038 1429 1095 1056
1479 1056 1558 1095 ex
1586 1035 1847 1096 Medicei
1878 1035 2098 1097 codicis
2131 1035 2431 1113 scriptura
2460 1031 2617 1108 εἴσω,

459 1141 607 1196 mut.
651 1137 717 1196 in
762 1130 907 1196 είσσ’
959 1129 997 1197 ὅ
1038 1139 1352 1200 Turnebus
1411 1141 1741 1199 eruendum
1800 1159 1929 1198 esse
1985 1136 2283 1216 judicavit
2336 1135 2472 1196 εἴσω
2515 1160 2618 1196 κα-

460 1231 720 1318 θαρμός,
767 1241 927 1320 quod
970 1245 1174 1300 tamen
1218 1261 1429 1320 parum
1473 1241 1706 1320 placuit
1756 1240 2001 1301 criticis..

632 1338 930 1401 ἔσωθεν.
1023 1342 1303 1406 Quietem
1343 1342 1411 1402 in
1453 1345 1588 1405 loco
1619 1343 1843 1423 ubique
1876 1342 2192 1418 significat.
2282 1343 2486 1403 Habet
2529 1363 2619 1402 se-

463 1465 597 1505 cum
641 1444 991 1520 genetivum
1034 1444 1142 1503 ch.
1178 1444 1333 1504 784:
1398 1442 1464 1504 οἵ
1504 1439 1560 1502 τ’
1614 1442 1807 1504 ἔσωθε
1853 1438 2144 1522 δωμάτων
2181 1442 2191 1522 Ι
2233 1445 2619 1524 πλουτογαθῆ

463 1540 654 1624 μυχόν
695 1545 973 1624 νομίζετε.
1066 1548 1141 1607 de
1184 1549 1317 1608 loco
1364 1549 1470 1608 Oh.
1515 1549 1635 1608 770
1684 1584 1799 1622 -,
1861 1569 1979 1629 quo
2026 1541 2135 1606 τᾶν
2180 1543 2409 1606 ἔσωθεν
2451 1540 2621 1623 μελά-

462 1655 633 1726 θρων
665 1650 1047 1711 scribendum
1092 1653 1213 1724 est,
1259 1649 1401 1712 Vide
1447 1671 1600 1731 quae
1631 1652 1836 1730 paullo
1873 1671 2054 1729 supra
2083 1650 2348 1710 diximus
2394 1670 2440 1710 s.
2488 1647 2618 1709 ἔσω.

465 1754 762 1813 Absolute
806 1752 1031 1813 dicitur
1086 1754 1160 1812 de
1204 1752 1599 1814 interioribus
1659 1752 1846 1812 animi
1905 1755 2073 1813 Pers.
2112 1756 2220 1812 11:
2280 1744 2618 1832 ὀρσολοπεῖ-

464 1876 561 1914 ται
598 1857 608 1933 Ι
648 1848 850 1930 θυμός
888 1852 1135 1914 ἔσωθεν.
1209 1859 1324 1932 Ag.
1365 1861 1520 1916 952:
1579 1846 1847 1939 ὑμνῳδεῖ
1878 1855 1888 1930 Ι
1925 1856 2163 1936 θρῆνον
2194 1848 2475 1936 Ἐρινύος
2517 1844 2621 1912 αὖ·

463 1955 816 2026 τοὸίδακτος
859 1952 1090 2016 ἔσωθεν
1128 1955 1138 2039 Ι
1178 1950 1396 2035 θυμός.

634 2064 708 2122 de
755 2058 1062 2120 ἔνδοθεν
1105 2064 1271 2122 Pers.
1308 2062 1449 2136 967,
1493 2083 1605 2141 pro
1652 2083 1769 2143 quo
1800 2062 2018 2123 Blomf.
2051 2061 2286 2140 recepit
2315 2058 2620 2136 ἔντοσθεν,

463 2166 607 2229 vide
653 2185 850 2245 supra.

635 2271 710 2329 de
757 2266 1074 2328 εἷ’σωθεν
1116 2268 1237 2328 nisi
1283 2269 1441 2348 apud
1469 2267 1906 2348 Hippocratem
1945 2289 2070 2328 11011
2101 2274 2450 2328 occurrente
2480 2266 2621 2330 vide

463 2375 585 2433 lex.
631 2374 778 2451 Pap.

639 2466 816 2534 ἕκτό
834 2495 880 2543 ς.
968 2473 1249 2540 Quietem
1277 2473 1504 2553 ubique
1547 2473 1615 2532 in
1658 2474 1791 2534 loco
1822 2472 2069 2535 indicat.
2156 2475 2412 2553 Proprie
2444 2494 2623 2534 sensu

461 2578 740 2656 jungitur
807 2598 941 2638 cum
1007 2578 1290 2653 genetivo
1352 2578 1517 2656 Sept.
1577 2576 1733 2637 2471
1810 2570 1980 2647 §mag
2044 2563 2174 2637 οὗσ’
2249 2570 2622 2657 ἀγαλμάτων,

465 2683 756 2742 translato
803 2680 911 2739 Oh.
951 2683 1146 2738 10281
1213 2672 1437 2748 ἔκτὸς
1495 2675 1758 2750 αἰτίας
1799 2680 1990 2756 κακῆς
2028 2675 2038 2761 Ι
2080 2670 2243 2739 εἶναι.
2331 2682 2432 2740 Pr.
2465 2683 2621 2740 334:

468 2776 637 2852 ἐκτός
681 2778 875 2851 αἰτίας
916 2784 1136 2860 κυρεῖς,
1183 2782 1467 2856 genetivo
1514 2782 1938 2860 antepositum.

640 2881 672 2944 ἔ
681 2906 757 2943 κτ
771 2904 802 2942 ο
816 2886 947 2942 θεν
972 2879 1283 2960 (ἔκτοσθεν
1304 2918 1388 2927 -
1410 2884 1635 2944 confer.
1661 2887 2068 2961 conjecturam
2089 2883 2431 2944 Blomfieldi
2453 2885 2621 2944 Pers.
2719 2872 2722 2873 ⁷

469 2988 590 3048 967
636 3022 719 3032 —
770 2984 1150 3047 ἔντοσθεν
1193 3020 1276 3031 —-
1321 3009 1444 3048 non
1471 2986 1790 3049 invenitur
1833 2989 1994 3066 apud
2021 2987 2439 3067 Aeschylum).
2527 2989 2622 3047 Ne

467 3092 657 3154 ceteri
685 3091 928 3172 quidem
956 3091 1151 3151 Attici
1183 3087 1467 3150 ἔκτοσθεν
1494 3111 1749 3171 usquam
1779 3091 2069 3151 dixerunt
2099 3093 2363 3169 (praeter
2405 3110 2622 3151 unum:

468 3197 649 3275 Soph.
693 3197 789 3255 El.
825 3201 945 3254 803
991 3216 1052 3257 v.
1098 3195 1463 3255 Bachmann.
1493 3195 1537 3255 1.
1572 3214 1620 3254 0.
1666 3215 1724 3272 p.
1763 3193 1929 3273 100.)
1978 3198 2040 3254 et
2082 3193 2347 3274 quietem
2393 3199 2455 3254 et
2495 3214 2622 3254 mo-

466 3304 596 3359 tum
656 3299 921 3358 denotat.
1022 3299 1171 3357 Cum
1230 3297 1515 3373 genetivo
1530 3343 1546 3372 ,
1616 3297 1712 3357 cui
1770 3296 2185 3376 postponitur,
2254 3296 2624 3357 construitur

467 3402 630 3480 Sept.
660 3404 816 3460 612:
863 3393 1109 3481 πύργων
1140 3392 1202 3459 δ’
1233 3397 1482 3459 ἔκτοθεν
1520 3396 1532 3483 Ι
1570 3393 1769 3477 βαλών
1806 3392 1958 3470 Ζεύς
1986 3416 2099 3475 σφε
2128 3393 2303 3459 κάνοι
2328 3398 2619 3480 κεραυνῷ.
2676 3386 2682 3391 ”

466 3508 633 3566 Pers,
677 3507 831 3564 8611
894 3502 1104 3580 λίμνας
1162 3497 1215 3561 τ’
1283 3500 1536 3564 ἔκτοθεν
1596 3502 1661 3562 αἳ
1717 3495 1869 3562 κατὰ
1926 3498 2134 3584 χέρσον
2195 3497 2624 3584 ἐΙληλαμὲναι

467 3603 604 3686 περὶ
634 3599 864 3686 πύργον
895 3603 913 3688 1
953 3600 1123 3666 τοῦδ’
1177 3597 1432 3678 ἄνακτος
1463 3599 1616 3666 ὅῖιον.
1661 3641 1745 3652 -
1791 3606 2088 3669 Genetivo
2122 3611 2287 3666 caret
2329 3606 2435 3665 ch.
2470 3609 2620 3665 460:

468 3702 603 3771 οὐδ’
656 3702 763 3768 ἄπ’
813 3701 1001 3769 ἄλλων
1038 3708 1049 3791 Ι
1088 3705 1336 3769 ἔκτοθεν
1379 3703 1505 3770 ἀλλ’
1558 3703 1672 3768 ἀπ’
1723 3701 1926 3770 αὐτῶν
1963 3707 1976 3792 Ι
2014 3702 2097 3769 δι’
2150 3701 2323 3786 ὥμᾶν
2366 3705 2491 3788 ἔριν
2534 3703 2624 3765 αἱ-

469 3834 754 3894 ματηραν.

640 3912 673 3974 ἔ
686 3914 716 3987 ξ
733 3938 798 3975 ω.
889 3915 1055 3980 Quae
1100 3916 1318 3978 vocula
1363 3914 1496 3975 cum
1541 3915 1825 3991 genetivo
1858 3913 2234 3975 consociatur
2276 3935 2399 3975 non
2429 3916 2622 3975 solum

640 4039 692 4078 a.
759 4024 979 4079 statum
1037 4046 1124 4070 =
1184 4022 1437 4094 ,‚extra“
1501 4018 1846 4094 significans
1891 4018 2055 4096 Sept.
2104 4023 2257 4078 296:
2324 4020 2474 4077 τοῖσι
2519 4011 2626 4092 μὲν

471 4114 582 4193 ἔξω
613 4113 876 4201 πύργων,
920 4154 1005 4166 -
1035 4124 1328 4182 translato
1360 4142 1540 4183 sensu
1575 4122 1683 4183 oh.
1711 4124 1865 4182 501:
1910 4115 2220 4180 πυθέσθαι
2249 4110 2466 4180 ὃοῦὅέν
2497 4111 2615 4179 ἐστ’
