3017 4759
1242 314 1667 380 ...33-

431 503 437 514 ·
553 461 749 548 γόος.
823 469 928 530 Oh.
965 472 1121 529 321:
1165 465 1438 549 πατέρων
1481 490 1540 529 τε
1586 467 1687 530 καὶ
1724 464 2015 531 τεκόντων
2044 468 2188 551 γόος
2229 474 2545 552 „planctus

381 575 454 632 de
498 572 848 651 parentibus
896 571 1166 631 occisis“.

551 668 988 754 ὀλολυγμός.
1062 677 1171 736 Ch.
1220 677 1378 736 375:
1425 672 1769 754 ἐφυμνῆσαι
1815 712 1898 723 -
1944 673 2277 759 ὀλολυγμὸν
2319 673 2547 759 ἀνδρὸς

379 774 755 854 θεινομένου.

552 871 634 940 ἀλ
648 902 728 959 γ.ο
742 901 788 950 ς.
879 882 1043 942 Pers.
1095 886 1248 941 826:
1310 882 1512 940 κακῶν
1567 873 1670 940 ὑπ’
1726 873 1959 961 ἀλγους.
2050 878 2277 963 (ἀλγεῖν
2323 905 2370 945 c.
2417 904 2538 944 acc.

381 986 485 1046 oh.
542 988 719 1042 1013.
780 985 943 1044 Pers.
1000 985 1206 1061 1016.)
1310 984 1614 1058 Singulari
1678 986 1931 1065 quadam
1994 987 2247 1047 audacia
2301 987 2541 1066 poetica

380 1089 603 1149 dictum
662 1092 754 1147 est
811 1091 920 1161 Ag.
971 1093 1081 1148 50:
1144 1084 1445 1156 ἐκπατίοις
1506 1080 1703 1165 ἄλγεσι
1767 1086 2000 1148 παίδων
2059 1083 2276 1149 ὕπατοι
2332 1085 2543 1167 λεχέων

379 1188 927 1270 στροφοδινοῦνται.
995 1182 1220 1268 (ἀλγεῖν
1265 1210 1313 1251 c.
1363 1210 1497 1265 gen.
1537 1193 1651 1264 Ag.
1687 1196 1840 1252 549:
1886 1185 1986 1251 τὸν
2030 1192 2219 1263 ζῶντα
2262 1184 2314 1250 δ’
2346 1186 2543 1271 ἀλγεῖν

380 1287 492 1371 χρὴ
535 1286 711 1369 τύχης
753 1288 1128 1370 παλιγκότου.
1193 1313 1327 1367 gen.
1375 1298 1466 1352 est
1512 1298 1768 1371 causae.)
1855 1294 1969 1353 Sed
2026 1295 2230 1354 eadem
2290 1295 2537 1354 audacia

384 1397 540 1480 dixit
602 1400 708 1470 Ag.
758 1396 791 1454 7
802 1400 866 1454 0:
931 1386 1066 1453 οὕτε
1127 1389 1405 1475 δακρύων
1466 1389 1719 1474 ἀπύρων
1779 1392 1956 1472 ἱερῶν
2006 1393 2017 1478 Ι
2071 1388 2258 1475 ὄργάς
2316 1391 2540 1466 ἀτενεῖς

382 1493 735 1575 παραθέλξει
783 1498 971 1570 „iram
1019 1499 1094 1556 ob
1140 1516 1308 1558 sacra
1351 1498 1492 1572 igne
1538 1497 1870 1570 carentia“;
1928 1516 2286 1578 quamquam
2340 1498 2536 1558 locum

380 1604 540 1660 hunc
598 1599 1113 1660 intricatissimum
1175 1621 1305 1660 esse
1363 1603 1552 1677 probe
1597 1601 1738 1661 scio.
1828 1601 2005 1660 Multi
2052 1601 2297 1678 majoris
2357 1602 2536 1660 etiam

381 1712 472 1765 est
501 1702 783 1763 momenti
822 1703 982 1781 quod
1010 1702 1321 1765 invenitur
1350 1704 1507 1780 apud
1539 1704 1868 1763 Homerum
1903 1704 2011 1763 od.
2040 1705 2124 1777 ΙΙ,
2158 1709 2259 1763 24.
2303 1703 2539 1776 XXIV,
2599 1727 2604 1728 ’

382 1812 537 1868 425:
596 1806 730 1864 τοῦ
789 1798 823 1863 ὅ
868 1824 930 1882 γε
990 1800 1411 1881 δακρυχέων
1454 1807 1576 1865 κτλ.
1661 1806 1941 1866 Forsitan
1989 1805 2075 1865 sic
2119 1806 2200 1864 sit
2242 1806 2538 1882 accipien-

382 1912 491 1969 dus
522 1907 838 1983 genetivus
866 1909 1040 1968 Eum.
1067 1913 1221 1967 232:
1266 1909 1400 1966 τοῦ
1445 1904 2032 1987 προστροπαίου
2078 1909 2300 1984 μῆνις
2335 1928 2537 1989 quam-

383 2032 559 2092 quam
605 2009 1005 2087 subjectivum
1050 2030 1185 2069 eum
1230 2030 1358 2069 esse
1402 2010 1577 2089 (‚,ira,
1623 2030 1799 2089 quam
1846 2016 2050 2072 movet
2094 2008 2414 2089 supplex“)
2453 2046 2538 2054 -—

382 2116 534 2173 conf.
566 2132 701 2189 pag.
735 2118 815 2170 28
848 2146 930 2155 —-
964 2113 1067 2192 qui
1100 2112 1425 2184 contendit,
1470 2113 1600 2190 ipse
1631 2132 1870 2192 quoque
1901 2112 2308 2172 assensionem
2337 2119 2537 2189 potest

380 2219 619 2277 habere.
653 2249 736 2286 ε-
780 2216 1007 2275 Eodem
1053 2216 1227 2275 modo
1277 2236 1340 2274 se
1384 2216 1569 2274 habet
1610 2235 1707 2275 res
1750 2217 1830 2275 ib.
1865 2216 2020 2276 497:
2064 2206 2239 2274 τοῖνδ’
2283 2211 2535 2295 ἔφὲρψει

381 2313 612 2389 κότος
656 2338 743 2387 τις
787 2310 1109 2397 ἐργμάτων.
1198 2319 1297 2378 Pr.
1347 2322 1502 2399 448:
1550 2303 1649 2376 οἷν
1692 2309 1901 2377 δέδωκ’
1947 2310 2260 2378 εὔνοιαν
2304 2312 2544 2397 ἐξηγού-

383 2442 577 2500 μενος.

555 2526 612 2606 ο)
658 2525 908 2583 Minime
968 2528 1107 2582 sunt
1168 2523 1606 2600 praetereunda
1666 2523 2044 2586 substantiva
2105 2523 2222 2584 alia
2270 2530 2550 2584 concreta

381 2628 667 2708 peculiari
715 2627 889 2687 modo
936 2646 1069 2685 cum
1116 2645 1249 2701 gen.
1283 2628 1399 2702 obj.
1448 2627 1802 2704 conjuncta:
1847 2631 1959 2701 Ag.
2003 2630 2149 2687 181:
2196 2627 2433 2686 πνοαί
2462 2662 2546 2671 --

380 2730 614 2812 βροτῶν
659 2723 829 2788 ἀλαι
873 2749 1148 2804 „errores
1194 2728 1504 2788 hominum
1551 2729 1589 2787 i.
1623 2750 1672 2788 e.
1720 2729 1823 2808 qui
1868 2729 2144 2789 homines
2205 2749 2407 2790 errare
2454 2751 2550 2790 co-

382 2840 584 2910 gunt“.
635 2868 713 2878 --
760 2830 1028 2911 τροπαί
1044 2853 1081 2889 α
1126 2852 1207 2892 sc.
1254 2823 1413 2907 αὔρα
1458 2829 1559 2908 (cf.
1607 2832 1820 2892 Blomf.
1867 2831 2045 2908 gloss.
2093 2832 2169 2891 ad
2212 2836 2328 2907 Ag.
2378 2833 2548 2921 212),

382 2943 637 3012 „ventus
699 2937 801 3016 qui
862 2935 1314 2996 conversionem
1370 2936 1530 2994 fert“
1573 2970 1657 2980 --
1706 2939 1814 3010 Ag.
1863 2941 2016 2996 206:
2079 2929 2300 3014 φρενός
2347 2931 2549 2994 πνέων

382 3039 640 3118 δυσσεβῆ
669 3037 961 3118 τροπαίαν
990 3038 1483 3118 „conversionem
1515 3038 1700 3097 animi
1744 3038 1808 3096 in
1854 3038 2103 3115 impium
2135 3031 2551 3115 prop‘ositum“

382 3146 594 3205 Blomf.
627 3176 713 3187 —-
757 3143 863 3202 Oh.
898 3141 1051 3199 756:
1095 3138 1384 3219 τροπαίαν
1436 3133 1587 3209 Ζευς
1631 3140 1835 3199 κακῶν
1883 3135 2060 3216 θήσει
2107 3140 2333 3216 (Schol.
2379 3159 2547 3216 μετα-

380 3239 652 3323 τροπήν).
757 3244 1014 3320 Perapte
1058 3241 1272 3302 Blomf.
1334 3248 1639 3320 comparat
1698 3244 1840 3302 Eur.
1888 3243 1979 3303 El.
2033 3247 2231 3301 1148:
2296 3236 2544 3317 ἀμοιβαὶ

383 3348 613 3405 κακῶν·
661 3338 1018 3423 μετάτροποι
1063 3340 1349 3403 πνέουσιν
1394 3332 1575 3424 αὖραι
1622 3337 1845 3421 δόμων.
1882 3379 1962 3389 --
2011 3345 2327 3404 Simillime
2373 3364 2552 3404 usur-

384 3454 561 3527 patur
604 3441 1062 3526 ἀντροπαίαε
1108 3447 1272 3524 Sept.
1307 3453 1463 3508 689:
1507 3441 1763 3524 λήματος
1794 3441 2149 3531 ἀντροπαίᾳ,
2194 3448 2297 3508 ubi
2345 3453 2551 3507 tamen

381 3552 592 3612 Blomf.
641 3550 900 3629 conjecit
941 3543 1200 3627 λήματος
1245 3547 1307 3610 ἔν
1351 3549 1627 3633 τροπαίᾳ.
1721 3553 1999 3611 Praestat
2042 3557 2241 3611 autem
2287 3553 2545 3611 fortasse

379 3656 642 3717 scribere
701 3646 776 3712 ἄν
831 3651 1125 3734 τροπαίᾳ,
1186 3658 1255 3712 ut
1313 3644 1389 3711 ἅν
1448 3654 1546 3738 ad„
1578 3646 1968 3726 μεταλλακτός
2011 3653 2343 3732 pertineat,
2405 3654 2548 3732 quia

380 3753 755 3838 ἀνατροπαία
799 3776 919 3814 non
968 3760 1089 3814 tam
1135 3755 1464 3830 ‚,mutatio“
1512 3760 1601 3814 est
1649 3775 1828 3834 quam
1874 3758 2206 3830 ‚‚eversio“.
2248 3789 2332 3799 —
2377 3758 2547 3813 συλ-

379 3854 593 3937 λαβή.
661 3858 865 3936 Suppl.
900 3864 1054 3917 440:
1110 3854 1220 3934 ἔχω
1254 3850 1545 3935 στρόβους
1587 3850 1776 3929 ζώνας
1820 3877 1898 3930 τε,
1948 3851 2243 3935 συλλαβὰς
2287 3852 2545 3917 πέπλων.

380 3954 642 4039 συλλαβή
687 3968 778 4021 est
821 3960 1228 4035 „vinculum“.

554 4066 918 4141 Gonjunctos
963 4062 1179 4121 deinde
1220 4061 1368 4120 duos
1412 4061 1576 4120 inter
1605 4080 1668 4119 se
1700 4059 2036 4120 simillimos
2081 4061 2243 4120 locos
2274 4061 2553 4119 nomino:

382 4172 493 4243 Ag.
550 4173 742 4226 1564:
805 4160 1056 4245 παρέσχε
1103 4161 1276 4221 δαῖτα
1321 4160 1612 4222 παιδείων
1656 4161 1849 4240 κρεῶν
1894 4168 1954 4220 et
2001 4166 2112 4238 Ag.
2163 4168 2315 4222 318:
2361 4156 2553 4229 πόνος

2086 4271 2120 4321 3
