3017 4759
1323 276 1749 341 -10-..

631 437 1063 498 Proferendum
1129 441 1219 494 est
1284 435 1543 529 denique
1608 436 1673 495 in
1740 437 2000 495 medium
2071 439 2179 510 Ag.
2230 441 2345 495 44:
2413 436 2613 514 ζεῦγος

456 529 770 616 Ἀτρειδᾶν.
1318 529 1319 532 “

631 744 688 821 e)
732 745 955 803 Ultimo
1014 744 1144 803 loco
1207 746 1534 804 notandum
1597 750 1689 804 est
1733 746 2077 820 genetivum
2122 745 2428 804 nominum
2473 766 2610 818 geo-

457 848 876 924 graphicorum
909 835 1278 906 notionibus*
1305 842 1492 919 πόλις,
1543 840 1708 918 ἄστυ,
1757 838 2051 908 similibus
2081 847 2476 926 appositionis
2520 850 2611 906 in-

457 954 581 1009 star
624 950 876 1008 adnecti.

632 1053 692 1129 1)
739 1046 908 1122 πόλις
964 1053 1225 1130 (Ruhnk.
1274 1056 1423 1132 Epp.
1486 1053 1645 1113 critt.
1706 1076 1763 1132 p.
1815 1053 1979 1130 186).
2069 1055 2232 1112 Pers.
2282 1058 2434 1112 346:
2498 1040 2610 1112 ἔστ’

456 1140 551 1231 ἆρ’
593 1146 869 1230 Ἀθηνῶν
914 1148 1027 1212 ἔστ’
1073 1148 1425 1234 ἀπόρθητος
1463 1149 1648 1224 πόλις.
1717 1160 1830 1231 Ag.
1865 1162 1962 1214 29.
2012 1157 2151 1214 711.
2206 1161 2395 1216 1241;
2435 1147 2611 1214 Ἰλίου

456 1249 642 1325 πόλις.
745 1257 1011 1331 Insignis
1068 1258 1235 1325 locus
1299 1264 1390 1317 est
1446 1261 1618 1318 Eum.
1666 1265 1823 1317 453:
1894 1258 2110 1338 Τροίαν
2170 1251 2380 1316 ἄπολιν
2435 1249 2610 1316 Ἰλίου

456 1351 629 1416 πόλιν
673 1356 924 1435 ἔθηκας,
983 1361 1088 1419 ubi
1145 1359 1360 1438 Τροίαν
1418 1366 1659 1438 praeter
1718 1362 2134 1436 necessitatem
2193 1362 2394 1422 verbis
2435 1353 2609 1419 Ἰλίου

457 1454 629 1519 πόλιν
674 1463 916 1522 accedit.
1004 1464 1142 1523 Huc
1186 1484 1329 1525 vero
1384 1464 1665 1525 advocari
1711 1485 1831 1524 non
1876 1485 2051 1541 posse
2097 1466 2193 1523 Pr.
2244 1469 2397 1523 844:
2454 1460 2610 1521 ἔστιν

455 1558 625 1634 πόλις
675 1558 968 1641 Κάνωβος
1013 1559 1223 1642 ἐσχάτη
1267 1562 1491 1643 χθονός
1535 1589 1644 1646 per
1688 1588 1750 1626 se
1795 1573 1978 1646 patet.
2052 1569 2329 1627 Ceterum
2374 1568 2447 1626 cf.
2496 1566 2604 1626 od.

452 1667 504 1739 Ι,
552 1672 622 1726 2:
679 1667 896 1744 Τροίης
946 1704 1017 1712 --
1067 1668 1443 1745 πτολίεθρον.

628 1772 692 1850 2)
739 1764 900 1828 ἄστυ.
990 1774 1155 1831 Pers.
1200 1773 1233 1831 7
1243 1777 1354 1832 21:
1401 1768 1657 1830 Σούσων
1702 1764 1865 1831 ἅστυ.
1959 1773 2250 1833 attributo
2295 1775 2445 1832 haec
2487 1793 2609 1833 vox

457 1878 549 1932 est
590 1875 862 1951 praedita
905 1876 1070 1935 Pers.
1125 1881 1274 1935 119:
1321 1868 1444 1955 μέγ’
1489 1869 1637 1934 ι’ίστυ
1683 1874 1994 1945 Σουσίδος.
2087 1878 2240 1935 752;
2295 1867 2417 1933 τόδ’
2461 1867 2609 1932 ἄστυ

458 1968 715 2034 Σούσων
761 1974 1126 2047 ἐξεκείνωσεν
1172 1972 1375 2036 πεσόν.
1465 1978 1770 2052 Singulari
1814 1978 1989 2037 modo
2035 1979 2197 2037 Pers.
2248 1982 2399 2037 5332
2461 1968 2607 2035 ἄστυ

456 2071 520 2135 τὸ
568 2073 820 2138 Σούσων
864 2072 960 2155 ἠδ’
1003 2073 1386 2157 Ἀγβατάνων
1431 2083 1547 2140 duo
1594 2082 1863 2155 genetivi
1919 2081 2025 2139 uni
2071 2080 2307 2140 notioni
2350 2071 2498 2136 ἄστυ
2542 2080 2606 2138 in

455 2182 745 2256 singulari
792 2204 1038 2243 numero
1085 2184 1317 2262 positae
1362 2184 1548 2243 additi
1596 2188 1751 2243 sunt.

627 2288 690 2364 3)
734 2290 894 2365 γαῖα,
940 2286 1031 2365 γῆ.
1124 2286 1444 2365 Aeschyli,
1490 2291 1779 2367 quantum
1825 2286 1973 2359 scie,
2036 2285 2282 2363 propria
2325 2291 2416 2342 est
2457 2287 2608 2343 haec

455 2389 827 2449 substantiva
871 2409 1001 2448 cum
1045 2390 1325 2464 genetivo
1358 2390 1620 2448 nominis
1650 2389 2036 2467 geographici
2084 2387 2466 2447 construendi
2510 2407 2605 2447 ra-

452 2485 570 2548 tioi
614 2493 778 2551 Pers.
827 2473 981 2550 808':
1026 2494 1103 2570 γῆ
1155 2492 1488 2549 Πλαταιῶν.
1564 2491 1768 2568 Suppl.
1824 2496 1931 2550 15:
1960 2482 2220 2569 ’Ἄργους
2263 2492 2455 2569 γαῖαν.
2531 2491 2605 2548 cf.

452 2594 600 2652 Hor.
649 2594 756 2653 od.
802 2594 909 2667 IV,
964 2599 1057 2667 14,
1109 2600 1218 2653 50:
1261 2594 1583 2673 Duraeque
1628 2593 1805 2652 tellus
1850 2593 2156 2652 Hiberiae.

626 2699 690 2774 4)
733 2692 886 2778 ἕδος.
975 2699 1073 2756 Pr.
1120 2701 1276 2756 414:
1337 2690 1470 2755 ὅσοι
1530 2694 1778 2755 ἔποικον
1830 2687 2014 2775 ἆγνᾶς
2053 2693 2066 2774 Ι
2100 2687 2297 2764 Ἀσίας
2339 2691 2472 2762 ἕδος
2516 2689 2604 2751 vt}-

453 2817 678 2872 μονται.
768 2800 993 2859 Verum
1039 2801 1203 2857 Pers.
1254 2799 1328 2856 87
1339 2804 1403 2857 3:
1458 2789 1695 2876 Ἰκάρου
1740 2794 1875 2865 ἕδος
1916 2803 2119 2858 utrum
2164 2798 2479 2872 genetivus
2523 2797 2604 2855 sit

451 2903 822 2979 possessivus
880 2902 1044 2978 (vide
1101 2902 1262 2961 infra
1305 2922 1361 2979 p.
1402 2907 1471 2960 11
1524 2902 1682 2981 sqq.)
1740 2920 1817 2959 an
1879 2902 2252 2980 appositivas
2310 2903 2605 2962 incertum

453 3010 542 3063 est
586 3000 944 3078 (ἑπτάπυλον
988 3002 1125 3074 ἕδος
1168 3006 1332 3082 Sept.
1384 3005 1547 3084 150).
1637 3005 1855 3064 Procul
1912 3006 2093 3065 dubio
2153 3007 2310 3064 hanc
2367 3025 2603 3085 quoque

453 3113 813 3168 structuram
842 3107 1178 3187 Aeschylus
1222 3114 1527 3169 mutuatus
1565 3114 1665 3167 'est
1709 3111 1782 3168 ab
1820 3109 2113 3168 Homero:
2159 3108 2266 3167 Od.
2295 3108 2410 3180 XI,
2458 3113 2600 3165 263.

452 3211 525 3271 Il.
556 3211 663 3283 IV,
700 3218 854 3272 406:
905 3205 1110 3287 Θήβης
1156 3208 1291 3281 ἕδος
1323 3246 1403 3256 -
1436 3207 1814 3270 ἑπταπύλοιο.
1888 3212 1997 3270 Od.
2027 3210 2206 3281 XIII,
2246 3214 2399 3267 344:
2441 3200 2601 3265 Ἰθά-

451 3333 561 3387 κης
603 3309 750 3381 ἕδος.
842 3315 913 3373 Il.
959 3315 1190 3387 XXIV,
1244 3320 1392 3373 144:
1454 3310 1589 3381 ἕδος
1640 3307 2009 3386 Οὐλύμποιο.
2098 3312 2394 3370 Pindarus
2455 3331 2600 3391 quo-

453 3435 568 3492 que
612 3417 941 3476 Homerum
981 3417 1252 3476 imitatus
1297 3418 1538 3477 effinxit
1579 3419 1758 3476 haec:
1804 3416 1896 3475 01.
1927 3416 2009 3487 II,
2064 3421 2168 3477 13:
2213 3410 2349 3483 ἕδος
2391 3407 2600 3489 Ὀλύμ-

453 3538 572 3576 που
616 3515 828 3592 νέμων.
916 3521 1127 3579 Isthm.
1171 3520 1222 3591 Ι,
1277 3525 1326 3593 1,
1373 3525 1486 3579 312
1533 3510 1831 3593 ὑψίπεδον
1881 3511 2195 3595 Θεράπνας
2244 3552 2315 3561 ———
2364 3514 2499 3585 ἕδος
2519 3515 2594 3594 ¹).

626 3622 686 3699 5)
729 3622 930 3696 χεῦμα.
999 3623 1169 3682 Eum.
1204 3628 1352 3681 289:
1400 3622 1680 3701 τρίτωνος
1727 3616 1886 3698 ἀμφὶ
1928 3621 2130 3697 χεῦμα.
2199 3620 2401 3697 Suppl.
2439 3620 2596 3677 987:

451 3715 611 3801 χεῦμ’
650 3714 966 3801 Ἐρασίνου
1009 3717 1280 3783 παλαιόν.
1885 3757 1888 3762 >

592 3981 641 4044 1)
680 3984 739 4028 cf.
777 3980 926 4041 Soph.
956 3981 1033 4028 Ai.
1065 3983 1188 4029 135:
1226 3977 1520 4043 Σαλαμῖνος
1543 3977 1671 4046 ἔχων
1699 3975 1901 4045 βάθρον.
1962 3976 2269 4026 Brunckius:
2308 3978 2426 4036 „qui
2459 3983 2595 4024 tenes

453 4068 720 4115 Salaminis
769 4069 989 4116 sedem,“
1055 4067 1173 4113 Eur.
1226 4067 1336 4112 Hel.
1393 4068 1554 4115 1652:
1614 4063 1802 4128 Τροίας
1852 4060 2034 4131 βάθρα.
2109 4065 2219 4124 Iph.
2269 4064 2381 4110 Aul.
2433 4064 2593 4111 1263:

453 4150 643 4216 Τροίας
677 4148 860 4212 ἐξελεῖν
897 4146 1087 4203 κλεινὸν
1118 4144 1320 4217 βάθρον.
