3017 4759
1295 258 1725 322 ...84-

2327 0 2435 29 .’.,.-““
2531 0 2993 263 ’ᾑΐ-ἷἹ-,Ἲ

2733 66 2742 73 .
2781 68 2790 77 .
2815 72 2890 111 ...-

426 424 561 478 cum
618 415 899 492 genetivo
957 418 1235 492 junctum
1286 414 1510 490 legitur
1554 416 1725 474 Eum.
1774 418 1930 473 3423
1991 406 2334 477 παλλεύκων
2376 408 2442 472 δὲ
2483 408 2589 472 πέ-

424 521 590 578 πλων
634 512 885 597 ἄμοιρος
928 509 1185 597 άκληρος
1228 509 1503 594 ἐτύχθην.

593 623 691 682 Ex
732 621 951 681 horum
995 620 1273 695 analogia
1331 619 1769 697 adjectivorum
1824 622 2186 678 structuram
2231 637 2367 678 cum
2410 638 2591 692 gene-

425 724 554 788 tivo
598 726 922 804 praebent:

596 822 959 905 μέτοικος
1017 827 1118 907 (de
1162 828 1455 904 μετοικεῖν
1517 825 1795 885 similiter
1853 824 2201 900 genetivum
2259 822 2590 902 recipiente
2983 838 2995 887 ι’

426 929 553 992 dixi
599 930 774 1008 plura
801 929 844 990 1.
877 930 970 1008 8.).
1058 931 1225 990 Pers.
1274 929 1425 989 317:
1484 920 1779 1007 Ἀρτάβης
1835 947 1898 986 τε
1953 921 2248 1007 Βάκτριος
2285 923 2296 1009 Ι
2336 929 2595 1005 σκληρᾶς

426 1028 699 1109 μέτοικος
742 1033 867 1111 γᾶς.
953 1032 1329 1095 substantive
1373 1036 1699 1109 usurpatur
1743 1032 1849 1092 011.
1885 1036 2038 1090 9653
2083 1025 2344 1107 μέτοικοι
2389 1021 2593 1106 δόμων

424 1136 747 1195 πεσοῦνται
804 1122 998 1195 πάλιν.
1087 1136 1188 1196 Sic
1245 1137 1397 1196 haec
1455 1134 1768 1219 emendate
1830 1133 2073 1212 scripsit
2128 1133 2414 1208 Scaliger.
2473 1134 2592 1192 Μ.3

429 1229 895 1315 μετοικοδόμων.
985 1238 1185 1299 Schol.
1232 1240 1345 1299 M.:
1403 1235 1477 1297 οἱ
1517 1239 1651 1296 νῦν
1693 1230 1834 1306 τους
1878 1230 2102 1313 δόμους
2147 1232 2451 1304 οἰκοῦντες
2491 1254 2592 1293 πε-

427 1342 675 1400 σοῦνται
705 1342 836 1413 κτλ.
885 1375 970 1385 --
1029 1340 1192 1418 Sept.
1243 1346 1382 1401 531.
1442 1342 1549 1401 011.
1597 1345 1741 1401 665.
1800 1341 1973 1399 Eum.
2020 1345 2161 1399 989.
2226 1339 2300 1397 ad
2346 1342 2457 1412 Ag.
2510 1342 2588 1396 58

432 1443 572 1505 vide
616 1448 794 1504 notas
836 1444 1256 1522 interpretum.
1301 1477 1386 1489 —

603 1547 685 1605 Et
729 1567 808 1607 ne
865 1567 936 1607 ea
982 1547 1223 1627 quidem
1268 1545 1565 1623 adjectiva
1608 1544 1979 1605 numeranda
2024 1549 2164 1603 sunt
2207 1543 2325 1602 alio
2382 1544 2448 1601 in
2492 1563 2594 1617 ge-

437 1669 581 1709 nere
626 1668 780 1730 quae
816 1651 1146 1729 composita
1192 1656 1332 1709 sunt
1377 1669 1453 1708 ex
1498 1670 1537 1706 α
1579 1648 1885 1727 privativo
1932 1652 1994 1706 et
2036 1666 2107 1706 ea
2150 1647 2398 1706 notione
2443 1666 2595 1728 quae

431 1751 768 1811 accuratius
797 1753 1233 1813 determinetur
1261 1751 1538 1829 apposito
1574 1750 1875 1825 genetivo.
1963 1753 2110 1811 Rem
2157 1749 2291 1826 ipsa
2320 1749 2594 1827 exempla

436 1854 777 1931 expedient.
1223 1858 1229 1864 '
1413 1933 1417 1936 y

600 1947 871 2034 ἄτιμος
927 1957 1217 2033 „honoris
1274 1956 1530 2034 alicujus
1592 1959 1844 2034 expers“
1890 1956 1997 2015 011.
2046 1956 2200 2015 2873
2260 1947 2498 2015 πάντων
2543 1946 2629 2037 δ’,

428 2052 643 2137 ἄτιμον
685 2051 944 2135 κᾶφιλον
988 2054 1277 2145 θνῄσκειν
1322 2054 1491 2143 μόρῳ
1537 2094 1620 2103 --
1662 2053 1905 2118 πάντων
1949 2058 2267 2133 genetivus
2316 2064 2405 2118 est
2449 2079 2594 2118 neu-

428 2162 582 2223 trius
641 2167 823 2244 atque
880 2156 1102 2240 ὅίφιλον
1156 2164 1429 2224 absolute
1484 2162 1750 2241 ponitur.
1793 2196 1879 2207 -
1939 2162 2020 2221 ib.
2070 2161 2189 2220 397
2206 2182 2222 2222 3
2280 2152 2620 2240 Ἀτρειδῶν·

428 2257 501 2324 τά
543 2257 695 2325 λοίπ’
740 2259 1060 2345 ἀμηχάνως
1109 2263 1119 2348 l
1171 2263 1376 2344 ἔχοντα
1422 2262 1525 2324 καὶ
1570 2258 1862 2342 δωμάτων
1911 2260 1921 2347 Ι
1972 2255 2151 2339 ἄτιμα
2196 2258 2595 2342 (ἀπεσπασμέ-

435 2387 579 2438 νους
622 2364 726 2427 καὶ
771 2364 1263 2448 φυγαδευθέντας
1305 2369 1426 2428 τῶν
1471 2365 1658 2427 οἴκων
1703 2367 1964 2446 explicat
2007 2365 2204 2427 Schol.
2250 2365 2377 2444 M.>.
2450 2369 2595 2428 Per·

433 2489 645 2530 sonam
691 2491 845 2551 quae
889 2493 1068 2553 quem
1112 2493 1234 2532 non
1280 2472 1416 2533 vult
1456 2472 1787 2544 honorare,
1850 2490 2195 2548 expressam
2254 2490 2385 2529 esse
2432 2469 2596 2532 vide-

432 2592 566 2632 mus
609 2573 1059 2651 praepositione
1102 2565 1228 2632 ὖπό
1275 2593 1409 2634 cum
1452 2574 1735 2648 genetivo
1767 2571 1929 2651 Sept.
1966 2578 2155 2633 10083
2202 2563 2413 2648 άτιμον
2443 2563 2597 2630 εἶναι

433 2666 489 2733 δ’
530 2671 870 2755 ἐκφορᾶς
914 2674 1151 2751 φίλων
1192 2668 1356 2736 ὕπο.
1449 2672 1555 2753 (ἐκ
1602 2678 1809 2736 eodem
1852 2676 2169 2736 intellectu
2216 2674 2437 2735 dicitur
2479 2678 2589 2748 Ag.

439 2781 634 2838 1233:
685 2771 758 2837 οὗ
805 2771 924 2855 μὴν
968 2770 1169 2854 άτιμοι
1213 2770 1263 2857 γ’
1309 2774 1375 2837 ἐκ
1419 2780 1584 2837 θεῶν
1627 2772 2014 2858 τεθνήξομεν.
2062 2812 2147 2823 —-
2189 2771 2379 2854 πρός
2420 2779 2591 2837 Eum.

438 2885 594 2940 8643
636 2872 792 2959 πρός
834 2875 1125 2962 νεωτέρας
1169 2877 1318 2958 ἐμοῦ
1355 2878 1365 2964 Ι
1403 2874 1554 2952 θεός
1597 2875 1820 2941 παλαιά
1865 2878 1968 2941 καὶ
2004 2877 2412 2958 πολισσούχων
2455 2879 2591 2961 βρο-

432 2983 555 3041 τῶν
591 2978 604 3063 Ι
642 2974 852 3060 ἄτιμος
895 2979 1106 3064 ἔρρειν.

604 3077 969 3158 ἅπαππος
1013 3108 1175 3163 „non
1218 3089 1450 3149 habens
1494 3108 1803 3167 proavum,
1851 3107 1887 3147 a
1929 3108 2046 3168 quo
2079 3087 2437 3147 descendat“
2479 3090 2594 3162 Ag.

434 3195 592 3250 2983
652 3181 813 3263 φάος
875 3181 1001 3250 τόδ’
1061 3185 1178 3250 οὐκ
1238 3183 1532 3251 άπαππον
1584 3183 1805 3251 Ἰδαίου
1865 3183 2074 3270 πυρός.
2171 3193 2381 3268 „cujus
2435 3190 2596 3264 ignis

430 3292 650 3353 Idaeus
695 3294 1049 3369 progenitor
1091 3295 1249 3353 fuit“
1291 3295 1508 3354 Blomf.

604 3395 737 3454 Jam
776 3396 1059 3456 claudant
1086 3397 1202 3457 hoc
1232 3417 1445 3472 agmen
1484 3397 1800 3473 adjectiva,
1848 3396 2067 3477 quibus
2097 3395 2266 3456 notio
2296 3395 2595 3471 „noxiae“

434 3495 616 3556 inest.

607 3595 884 3668 αἴτιος.
973 3602 1139 3660 Pers.
1190 3590 1343 3662 8773
1402 3601 1508 3671 τᾶς
1565 3602 1677 3660 νῦν
1733 3592 2094 3679 ματρόπολις
2147 3591 2322 3659 τῶνδ’
2372 3598 2383 3679 Ι
2435 3596 2595 3658 αἰτία

432 3702 796 3782 στεναγμῶν.
873 3701 982 3762 011.
1017 3707 1171 3764 8253
1215 3696 1321 3762 τόν
1368 3700 1562 3763 αἴτιον
1606 3694 1657 3761 δ’
1693 3695 2014 3774 ἐξαπολλῦς
2056 3696 2269 3782 μόρου.
2348 3704 2448 3763 Pr.
2482 3702 2560 3761 47
2576 3725 2592 3762 3

430 3805 553 3865 τῶν
596 3806 708 3864 νῦν
750 3798 1069 3884 παρόντων
1096 3795 1272 3865 ου’δὲν
1317 3801 1475 3865 αἰτία
1520 3801 1709 3883 τέχνη.
1776 3807 1892 3881 frg.
1925 3812 2078 3867 2893
2124 3799 2309 3886 ὀργῆς
2339 3802 2596 3882 ματαίας

433 3904 579 3967 εἰσὶν
622 3904 798 3967 αἴτιοι
841 3900 1026 3987 λόγοι.
1110 3907 1371 3969 Ratione
1430 3908 1721 3987 peculiari
1780 3910 2095 3984 genetivus
2152 3928 2448 3987 personae
2491 3908 2594 3966 ad-

434 4028 627 4069 nexus
687 4017 777 4070 est
835 4011 942 4071 011.
990 4015 1148 4071 2653
1209 4007 1265 4070 εἰ
1307 4003 1389 4088 μὴ
1435 4007 1663 4088 μέτειμι
1720 4012 1832 4070 τοῦ
1875 4004 2102 4092 πατρός
2158 4003 2300 4082 τοῦς
2342 4007 2589 4079 αἰτίους.

435 4112 546 4172 Est
588 4112 748 4170 enim
793 4113 1066 4174 absolute
1113 4114 1551 4194 quodammodo
1598 4113 1826 4174 dictum
1869 4135 1979 4193 pro
2023 4106 2226 4189 φόνου
2257 4111 2449 4184 αἴτιος
2491 4114 2593 4193 (cf.
