3017 4759
1231 262 1666 328 ...31-

373 416 732 497 suspicatus)
780 412 1061 495 κατέχειν,
1108 411 1174 478 τό
1220 412 1285 478 δὲ
1326 414 1751 498 κερδαλέον
1800 415 1812 500 Ι
1866 414 2119 496 πέμπειν
2165 413 2393 491 πόλεως
2437 417 2537 481 ἐπὶ

371 520 526 604 νίκῃ.
596 522 704 599 (Μ.
751 512 1015 600 άτήριον,
1063 522 1330 582 correxit
1372 522 1729 601 Bentleius.)
1802 523 2131 585 Genetivus
2175 516 2371 602 χώρας
2413 529 2537 584 tam

369 625 444 685 ad
490 617 713 702 άτήρόν
746 644 925 705 quam
970 624 1044 683 ad
1088 620 1496 703 κερδαλέον
1543 626 1824 702 pertinet.
1894 627 2061 684 Adeo
2094 646 2214 685 non
2247 628 2539 703 probatur

369 728 519 787 mihi
551 726 855 787 Schuetzii
898 727 1323 806 interpretatio
1369 729 1483 802 „ad
1529 729 1687 788 mala
1719 728 1966 809 quaevis
2011 732 2087 790 ab
2131 730 2247 788 hac
2289 729 2539 803 regione

371 831 629 891 arcenda
673 834 734 889 et
776 831 1223 908 propulsanda“
1268 831 1424 912 quia,
1470 852 1615 891 num
1661 832 1749 891 ita
1778 850 2060 912 umquam
2092 832 2359 892 construi
2402 852 2538 910 pos-

372 934 454 992 sit
496 929 771 1009 κατέχειν,
828 933 1003 995 valde
1048 933 1286 1007 dubito,
1346 938 1416 993 ut
1460 939 1673 994 contra
1717 933 1994 994 similiter
2037 926 2263 1013 α’τήρός
2306 940 2368 995 et
2410 954 2540 1013 κερ-

373 1031 582 1105 δαλέος
625 1036 925 1113 adjectiva
971 1036 1129 1097 dicta
1171 1041 1380 1115 putem
1437 1056 1574 1097 cum
1618 1036 1900 1111 genetivo
1945 1042 2125 1116 atque
2169 1039 2343 1097 Eum.
2382 1038 2537 1097 791:

369 1137 711 1219 βρωτῆ-ρας
755 1131 973 1215 αἰχμάς
1017 1132 1369 1218 σπερμάτων
1425 1133 1769 1218 ἀνημέρους
1832 1138 2240 1217 (Hermannus
2304 1141 2539 1200 censuit

371 1236 710 1320 ἀνημέρους
756 1261 891 1301 cum
922 1235 1279 1320 σπερμάτων
1302 1242 1681 1320 jungendum
1726 1263 1874 1302 esse.
1940 1242 2060 1301 Sed⁴
2087 1241 2322 1302 facilius
2358 1263 2539 1318 gene-

371 1346 562 1406 tivum
607 1345 889 1424 suspendi
935 1347 1011 1406 ab
1052 1344 1351 1421 adjectivo
1395 1343 1708 1423 βρωτῆρας
1755 1345 1989 1405 ostendi
2035 1364 2170 1423 pag.
2206 1344 2313 1424 67)
2358 1350 2538 1426 atque

371 1447 552 1525 Soph.
598 1449 740 1506 Ant.
779 1447 893 1505 187
915 1468 930 1507 ε
991 1445 1167 1521 φίλον
1228 1439 1359 1505 ποτ’
1416 1439 1608 1524 άνδρα
1655 1443 1991 1524 δυσμενῆ
2048 1439 2274 1524 χθονὸς
2316 1446 2541 1524 θείμην

372 1546 625 1632 ἐμαυτῷ.
719 1545 1094 1626 ἔχθιστος.
1164 1549 1324 1609 Xen.
1356 1552 1551 1609 Anah.
1583 1549 1701 1624 111,
1737 1556 1793 1624 2,
1830 1554 1898 1610 5:
1943 1542 2098 1630 πρὸς
2129 1542 2274 1619 τούς
2305 1545 2539 1609 ἐκείνου

370 1648 685 1729 ἐχθίστους
728 1644 1016 1721 ἀποστάς.

1384 1836 1525 1918 §3-

542 1959 935 2018 Transeamus
990 1958 1063 2017 ad
1109 1976 1179 2017 ea
1222 1957 1523 2035 adjectiva
1566 1975 1720 2038 quae
1780 1962 2153 2036 compertum
2197 1961 2289 2019 est
2331 1958 2535 2019 verbis

373 2062 696 2124 convenire
740 2081 871 2122 cum
918 2060 1284 2137 genetivo
1333 2060 1787 2137 conjungendis.

541 2164 601 2243 a)
646 2164 916 2225 Primum
943 2164 1382 2223 immorandum
1413 2162 1531 2221 erit
1573 2162 1638 2221 in
1670 2162 1985 2240 adjectivis
2014 2163 2535 2224 reminiscendi

374 2272 436 2327 et
494 2267 1009 2330 obliviscendi.
1101 2268 1270 2334 Quae
1313 2284 1767 2345 nonnumquam
1823 2265 2058 2325 ratione
2113 2265 2342 2341 insigni
2409 2268 2538 2326 sine

374 2391 515 2430 casu
557 2372 834 2449 usurpari
879 2371 944 2430 in
991 2370 1340 2432 universum
1385 2367 1621 2427 monitu
1665 2369 1914 2443 dignum
1959 2373 2064 2428 est.

549 2466 878 2550 μνήμων.
966 2472 1163 2533 Semel
1224 2470 1608 2532 consociatur
1667 2490 1802 2531 cum
1861 2470 2143 2545 genetivo
2206 2490 2396 2552 eoque
2445 2471 2537 2532 rei

371 2580 543 2638 Eum.
595 2577 748 2636 379:
794 2576 1001 2637 κακοῖν
1044 2595 1104 2635 τε
1148 2569 1462 2653 μνήμονες.
1555 2574 1957 2654 Frequentius
2004 2573 2242 2635 obviam
2295 2573 2368 2633 fit
2410 2576 2535 2635 ab-

373 2680 625 2740 solute
683 2681 977 2759 positum:
1037 2682 1152 2755 Ag.
1195 2684 1348 2739 144:
1407 2670 1665 2754 μνάμων
1720 2678 1898 2753 μῆνις
1941 2669 2343 2747 τεκνόποινος.
2434 2679 2535 2738 Pr.

378 2787 531 2843 518:
590 2777 887 2860 μνήμονες
929 2772 979 2839 τ’
1017 2773 1298 2861 Ἐρινύες.
1388 2782 1635 2861 (statum
1694 2781 1822 2839 fere
1882 2780 2000 2840 hoc
2058 2799 2188 2839 esse
2232 2799 2303 2839 ac
2346 2800 2535 2859 prope

377 2884 660 2944 sollemne
719 2904 1049 2958 cognomen
1094 2883 1376 2943 Dirarum
1434 2884 1611 2943 docet
1652 2883 1835 2961 Soph.
1880 2881 1977 2943 Ai.
2033 2886 2223 2943 1390:
2284 2875 2536 2958 μνήμων

370 2977 655 3065 Ἐρινύς).
753 2987 853 3047 Pr.
904 2986 1022 3045 787
1041 3008 1056 3045 :
1116 2979 1416 3062 μνήμοσιν
1476 2980 1699 3054 δέλτοις
1753 2985 2011 3063 φρενῶν.
2070 3017 2155 3028 —-
2213 2986 2536 3045 Praeterea

373 3089 579 3168 Suppl.
614 3094 713 3163 94,
757 3088 858 3149 ubi
906 3088 1129 3148 tradita
1171 3092 1262 3147 est
1306 3088 1631 3165 scriptura:
1679 3079 1900 3163 ἥμενον
1930 3078 2053 3144 άνω
2085 3078 2374 3167 φρόνημά
2403 3106 2535 3156 πως

375 3191 385 3274 1
420 3201 530 3253 etc.
604 3192 974 3254 scholiastae
1015 3190 1361 3250 testimonio
1407 3190 1771 3262 confirmata,
1818 3190 2202 3248 Hermannus
2245 3208 2533 3252 revocan-

372 3298 513 3355 dum
542 3317 670 3356 esse
701 3296 964 3356 censuit:
995 3296 1231 3370 μνῆμον
1260 3284 1384 3351 ἅνω
1415 3285 1700 3371 φρόνημά
1728 3313 1859 3362 πως
1887 3294 2179 3371 probante
2199 3291 2530 3352 Dindorfi0.

545 3391 903 3475 άμνήμων
961 3417 1082 3457 uno
1127 3396 1260 3456 loco
1306 3394 1610 3473 reperitur
1653 3415 1844 3476 eoque
1890 3414 2025 3455 cum
2068 3393 2350 3469 genetivo
2394 3413 2531 3473 per-

373 3521 554 3562 sonae
615 3505 1094 3575 coagmentatum
1152 3500 1314 3576 Sept.
1364 3503 1517 3558 589:
1577 3498 1741 3557 θεῶν
1795 3489 2150 3575 ἀμνήμοσιν.

541 3602 828 3682 Aeschyli
870 3601 1116 3682 propria
1158 3602 1457 3681 adjectiva
1501 3602 1754 3662 eandem
1799 3598 2307 3660 constructionem
2358 3618 2530 3675 prae-

372 3706 595 3768 stantia
634 3706 912 3769 invenies
954 3708 1138 3766 haec:

545 3801 900 3887 μνήστωρ
948 3807 1048 3885 (ad
1078 3810 1332 3868 formam
1365 3809 1523 3867 conf.
1565 3825 1699 3885 pag.
1737 3802 1861 3881 68).
1950 3804 2111 3883 Sept.
2163 3807 2315 3867 164:
2361 3804 2530 3879 φιλο-

372 3901 584 3969 θύτων
627 3904 692 3967 δέ
733 3929 827 3968 τοι
870 3902 1083 3979 πόλεος
1128 3902 1350 3990 ὀργίων
1387 3905 1398 3991 Ι
1438 3903 1758 3987 μνήστορες
1800 3903 1928 3966 ἕστε
1972 3926 2092 3982 μοι.

545 4004 1110 4089 πολυμνήστωρ.
1159 4011 1452 4071 Absolute
1482 4015 1718 4070 tantum
1746 4009 2011 4087 posItum
2038 4007 2293 4083 legimus
2322 4006 2529 4087 Suppl.

376 4117 528 4175 518:
574 4113 753 4195 γενοῦ
794 4113 1209 4194 πολυμνήστορ
1253 4109 1529 4189 ἔφαπτορ
1570 4104 1738 4183 Ἰοῦς.

2081 4221 2118 4272 6
