3017 4759
62 1938 99 2129 “Rawfm
64 1840 87 1921 stass
64 1788 79 1807 -.
66 1662 79 1755 ‚
66 1586 79 1639 ω.
66 1470 79 1561 w..-

82 1984 99 2137 0'ss*'.4„1„·„
88 1874 99 1929 ’-ᾖ
90 1832 99 1855 mr
96 1772 99 1777 .
86 1536 97 1561 ⁴,-

62 2242 79 2317 Μ
62 2204 93 2225 '5'
62 2140 89 2187 Ἑν

1338 340 1426 352 -
1514 301 1641 370 114
1697 278 1810 353 ‘—

499 450 574 516 ἄν
622 450 776 528 Ζεύς
817 449 910 517 ἐπ’
954 453 1207 529 ἀσπίδος
1265 451 1485 534 τυχών,
1554 479 1732 539 quum
1794 460 1873 518 sit
1933 458 2215 520 omissum
2272 458 2660 538 participium
2775 452 2786 463 “

497 562 670 623 verbi
729 562 1112 623 substantivi.
1204 562 1422 627 Qualia
1482 567 1625 622 sunt
1679 563 1746 622 in
1805 569 2089 641 promptu
2149 563 2424 642 exempla
2476 563 2661 640 Soph.

496 664 594 725 Ai.
643 670 701 725 9.
759 665 852 725 El.
899 670 1000 738 46,
1049 670 1192 725 313.
1282 667 1355 725 cf.
1401 667 1550 726 Lob.
1612 667 1685 725 ad
1743 667 1973 745 Phryn.
2033 685 2170 743 pag.
2217 665 2360 726 277.
2406 700 2487 709 —
2543 665 2662 724 His

499 768 792 843 exemplis
845 769 933 827 ita
976 767 1285 846 dispositis
1328 772 1399 827 ut
1443 769 1519 827 ad
1562 769 1626 827 id
1667 770 1896 828 referat
1939 788 2002 828 se
2049 768 2242 828 oratio
2286 769 2447 828 unde
2492 770 2664 828 aber·

497 870 674 944 ravit,
719 863 1030 950 τυγχάνειν
1071 874 1277 930 nostro
1321 871 1454 930 loeo
1500 871 1775 930 absolute
1822 892 1952 931 esse
1997 871 2337 931 adhibitum
2374 870 2666 947 peculiari

494 972 677 1050 plane
720 973 1064 1033 intellectu:
1110 993 1357 1047 „verum
1401 973 1651 1053 adsequi
1667 966 1690 1047 ,’
1727 978 1893 1034 recte
1938 975 2175 1034 dicere“
2219 973 2371 1032 mihi
2418 977 2667 1032 conten-

500 1077 667 1135 denti
713 1076 1101 1155 suppeditant
1140 1077 1258 1136 loci
1302 1077 1752 1153 hujuscemodi:
1798 1079 1910 1151 Ag.
1952 1075 2245 1136 usuri
2276 1096 2370 1134 νιν
2398 1077 2662 1135 καλοῦσα

500 1173 780 1253 δυσφιλὲς
822 1172 1012 1248 δάκος
1055 1170 1282 1255 τύχοιμ’
1328 1172 1419 1237 ἅν.
1512 1179 1775 1259 [„Quam
1818 1179 2073 1239 bestiam
2128 1179 2297 1238 illam
2353 1178 2668 1257 appellans

500 1280 603 1359 (cf.
650 1282 758 1341 ch.
790 1286 946 1341 949:
991 1279 1048 1339 τί
1091 1301 1186 1339 νιν
1217 1280 1542 1356 προσείπω,
1587 1272 1700 1338 κάν
1744 1274 1899 1359 τύχω
1945 1273 2074 1358 μαλ’
2119 1274 2454 1358 εὐστομῶν)
2500 1287 2667 1340 recte

500 1382 885 1463 appellem.“]
976 1389 1037 1443 et
1094 1384 1199 1443 Ch.
1252 1388 1403 1444 406:
1464 1382 1522 1441 τί
1564 1375 1616 1440 δ’
1660 1375 1738 1442 άν
1783 1376 2006 1458 φάντες
2046 1376 2323 1461 τύχοιμεν
2378 1382 2522 1464 quid
2577 1381 2670 1440 di-

503 1490 706 1545 centes
751 1487 1015 1547 dieamus
1058 1485 1296 1562 recte“?
1327 1519 1414 1530 --
1457 1488 1570 1545 Est
1611 1486 1802 1561 igitur
1829 1506 1926 1545 me
1965 1486 2168 1562 judice
2211 1485 2669 1547 transferendus

501 1588 602 1649 hie
642 1588 844 1649 locus:
891 1588 1236 1661 „Just-,itiam
1283 1608 1412 1648 eam
1457 1589 1826 1668 appellamus
1869 1595 2035 1650 recte
2074 1589 2487 1667 appellantes“
2533 1586 2669 1665 (κα-

500 1690 618 1760 λῶς
661 1691 902 1752 additur
944 1692 1194 1768 perinde
1239 1696 1419 1772 atque
1462 1691 1670 1769 Suppl.
1720 1692 1831 1752 71:
1892 1689 2027 1751 θεοὶ
2074 1687 2321 1772 γενέται,
2365 1681 2553 1748 κλύετ’
2598 1679 2674 1747 εὖ

502 1783 569 1850 τὸ
618 1790 852 1850 δίκαιον
898 1786 1136 1862 ἰδόντες.
1216 1793 1414 1855 Schol.
1449 1796 1565 1853 M.:
1610 1795 1804 1863 καλῶς
1847 1787 1912 1854 τό
1960 1792 2191 1854 δίκαιον
2236 1786 2535 1870 ὁρῶντες).
2582 1824 2671 1836 -

507 1894 844 1969 Permagna
874 1895 1268 1956 similitudine
1300 1896 1661 1975 exprimitur
1689 1899 1940 1958 verbum
1971 1898 2236 1975 κυρεῖν
2271 1895 2479 1973 Suppl.
2514 1898 2670 1954 569:

501 1993 606 2055 καὶ
665 1989 792 2056 τόδ’
837 1990 915 2058 ἂν
957 1994 1126 2077 γένος
1167 1995 1353 2076 λέγων
1406 1996 1415 2081 Ι
1471 1996 1532 2070 ἐξ
1574 1991 1853 2074 Ἐπάφου
1907 1992 2219 2077 κυρήσαις.
2308 1996 2504 2058 Schol.
2551 1996 2669 2056 Ma

504 2095 607 2158 καὶ
650 2092 721 2159 τό
767 2096 940 2180 γένος
982 2092 1156 2177 ἡμῶν
1200 2097 1260 2171 ἐξ
1286 2093 1569 2175 Ἐπάφου
1613 2097 1798 2181 λέγων
1835 2091 1980 2161 εἶναι
2029 2101 2134 2176 τῆς
2163 2094 2450 2178 ἀληθείας
2478 2091 2670 2178 κυρή-

506 2217 638 2273 σαις
680 2200 785 2263 καὶ
828 2197 904 2264 οὗ
950 2197 1169 2288 ψεύσῃ.

681 2307 882 2367 Unum
926 2308 1158 2369 addam.
1551 2350 1564 2363 .

674 2412 845 2470 Eum.
897 2414 1051 2471 840:
1118 2406 1217 2468 καὶ
1279 2402 1354 2467 σύ
1414 2409 1613 2486 τιμίαν
1663 2405 1673 2491 Ι
1729 2405 1909 2487 ἕδραν
1971 2405 2186 2485 ἔχουσα
2243 2399 2397 2483 πρὸς
2456 2399 2674 2483 δόμοις

502 2505 829 2588 Ἐρεχθέως
884 2508 894 2594 Ι
946 2504 1121 2594 τεύξῃ
1179 2503 1318 2588 παρ’
1364 2504 1605 2587 ἀνδρῶν
1647 2506 1750 2569 καὶ
1810 2507 2163 2590 γυναικείων
2221 2502 2462 2580 στόλων,
2523 2501 2672 2585 ὅσην

505 2606 656 2690 παρ’
717 2607 906 2672 ἄλλων
965 2605 1183 2671 οὔποτ’
1242 2605 1319 2671 ἂν
1363 2608 1605 2688 σχέθοις
1648 2610 1900 2688 βροτῶν.
1989 2611 2339 2671 Dindorflus
2401 2617 2463 2671 et
2506 2611 2668 2670 Her-

505 2735 760 2776 mannus
819 2735 1004 2775 unum
1064 2720 1313 2774 censent
1357 2714 1652 2774 excidisse
1687 2734 1936 2776 xversum
1981 2718 2121 2773 ante
2166 2708 2373 2798 τεύξῃ,
2437 2715 2502 2773 in
2551 2734 2669 2793 quo

505 2820 729 2879 lectum
784 2819 1001 2878 fuisset
1058 2817 1371 2892 genetivus
1431 2818 1793 2879 substantivi
1813 2861 1829 2890 ‚
1896 2818 1969 2877 ad
2019 2819 2176 2897 quod
2224 2811 2371 2893 ὅσην
2413 2818 2671 2877 referre-

507 2927 623 2982 tur.
668 2956 755 2967 ——
808 2921 924 2981 Sed
967 2920 1124 2979 nihil
1168 2920 1449 2981 amissum
1495 2926 1605 2982 est.
1695 2917 1903 2998 ἔχουσα
1947 2913 2120 2999 τεύξῃ
2163 2920 2323 2979 idem
2369 2939 2497 2979 esse
2541 2921 2670 2978 fere

511 3027 667 3106 quod
713 3021 821 3097 ἕξει
868 3024 952 3103 (v.
984 3029 1144 3113 {3412
1192 3017 1345 3100 ὅσην
1387 3015 1528 3101 παρ’
1571 3015 1765 3084 ἄλλων
1809 3057 1893 3069 —-
1938 3019 2179 3100 σχέθοις
2223 3022 2332 3099 --)
2374 3023 2492 3081 hoc
2533 3020 2668 3081 loco

507 3129 658 3188 mihi
706 3135 797 3189 est
837 3127 1415 3207 persuasissimum*

678 3233 1093 3290 Accusatz‘vum
1138 3250 1281 3290 num
1325 3230 1624 3309 reciperet
1667 3220 1995 3308 τυγχάνειν,
2049 3246 2304 3303 magnus
2350 3226 2671 3304 scrupulus

507 3335 766 3411 injectus
822 3339 952 3393 erat
1007 3332 1157 3394 viris
1216 3333 1424 3393 doctis.
1514 3336 1715 3411 Atque
1761 3330 2010 3392 vitricos
2071 3330 2311 3411 quidem
2372 3328 2479 3388 illa
2535 3348 2671 3388 cum

508 3434 847 3498 accusativo
895 3435 1260 3495 constructio
1306 3440 1485 3494 nacta
1529 3438 1621 3493 est
1665 3433 2114 3506 grammaticos,
2176 3431 2436 3491 maxime
2481 3431 2670 3490 Bern-

507 3540 804 3615 hardyum
860 3538 1055 3614 (Synt.
1101 3558 1159 3614 p.
1198 3536 1360 3613 176).
1448 3536 1865 3594 Hermannum
1924 3535 2024 3611 (ad
2068 3534 2206 3610 vig.
2252 3556 2309 3612 p.
2344 3533 2494 3611 760)
2554 3534 2671 3593 sci·

510 3663 640 3702 mus
680 3646 943 3700 mutasse
1002 3639 1382 3699 sententiam.
1470 3639 1800 3698 Defensum
1859 3635 2019 3695 enim
2062 3635 2322 3713 primum
2379 3635 2669 3697 accusati-

508 3767 650 3809 vum
692 3749 904 3824 postea
947 3742 1176 3822 sprevit
1218 3742 1305 3801 ita
1347 3747 1416 3801 ut
1459 3743 1535 3801 ad
1581 3738 1960 3801 attractionis
2006 3739 2301 3818 quoddam
2341 3759 2531 3814 genus
2574 3758 2671 3798 re-

513 3853 797 3910 curreret.
865 3846 965 3925 (de¹
993 3846 1314 3906 Homerico
1358 3866 1472 3905 usu
1518 3845 1689 3904 docte
1734 3849 1796 3903 et
1838 3847 2113 3902 accurate
2158 3842 2316 3902 dixit
2345 3842 2435 3900 'La
2461 3840 2671 3901 Roche

509 3950 576 4009 in
617 3951 774 4011 libro
821 3950 1049 4027 citato).
1111 3984 1192 3993 —
1251 3948 1606 4026 Aeschyleis
1664 3945 1956 4023 exemplis
2017 3944 2220 4004 statim
2281 3948 2421 4004 utar
2480 3943 2669 4007 hisce.

513 4051 619 4110 Oh.
668 4057 822 4113 6922
863 4056 875 4081 ἴ

684 4143 814 4213 ἔσθ’
844 4144 880 4211 ὁ
907 4145 1118 4231 καιρός
1147 4144 1547 4231 ἡμερεύοντας
1574 4148 1781 4223 ξένους
1817 4147 1829 4234 Ι
1867 4148 2098 4228 μακρᾶς
2130 4141 2424 4208 κελεύθου
2452 4138 2668 4228 τυγχά-
