3017 4759
8 1945 13 1978 -ι
8 1899 13 1914 ν
12 1841 15 1846 -
8 1821 13 1828 Α
12 1801 13 1804 Α
8 1671 15 1774 π-π-ψι-
8 1561 15 1656 ιν--ι
8 259 19 1552 ψ-ΜΜ-μῌωῂη-ι-ιυ-ν--υ-ὴ-Ἧ-τᾼ
8 239 9 244 Α

1363 276 1882 351 -18--,

497 432 701 510 tonus)
748 437 807 493 et
851 428 1039 509 στέφη
1071 432 1152 510 (Ν
1154 433 1424 510 auckius)
1476 436 1861 510 conjecerunt
1904 431 2022 493 viri
2069 432 2244 492 docti.
2275 466 2360 476 —-
2403 433 2476 491 In
2522 434 2669 491 uni-

498 556 735 599 versum
781 537 854 595 de
897 536 1169 613 personis
1216 531 1394 611 σέβας
1438 536 1659 595 dicitur
1700 537 1870 594 Eum.
1909 540 2056 594 536:
2102 529 2324 594 τοκέων
2358 531 2539 610 σέβας
2581 530 2663 594 οὗ

497 638 759 717 προτίων
803 639 876 697 de
919 659 984 697 re
1028 639 1141 712 frg.
1184 642 1331 697 134:
1378 633 1557 715 σέβας
1603 632 1667 695 δὲ
1711 639 1919 715 μηρῶν
1963 630 2160 715 ἁγνῶν
2203 630 2320 695 οὐκ
2366 633 2665 718 ἐπῃδέσω.

662 742 971 800 Postremo
1017 739 1136 798 alia
1181 740 1471 819 quaedam
1518 740 1895 800 substantiva
1930 739 2271 818 periphrasi
2317 741 2660 801 inservien-

491 843 580 901 tia
636 862 757 902 non
821 847 962 901 sunt
1005 843 1459 919 praetereunda.
1547 842 1878 920 Imprimis⁴
1915 842 2073 901 enim
2131 843 2400 919 corporis
2453 848 2661 920 partes

491 947 555 1003 in
601 946 763 1003 hunc
807 945 1046 1003 modum
1090 944 1480 1006 adhibentur.
1524 1006 1531 1014 ,

667 1037 1025 1125 κάρηνον.
1114 1047 1336 1126 (Ηο111.
1383 1048 1456 1107 Π.
1504 1047 1617 1120 ΙΧ,
1666 1048 1808 1107 407.
1865 1046 1978 1120 ΧΙ,
2034 1052 2172 1121 158,
2221 1052 2360 1106 500.
2409 1045 2658 1119 XXIII,

495 1155 638 1208 260.
686 1149 798 1208 od.
828 1148 907 1223 X,
957 1155 1096 1209 521.
1145 1151 1257 1224 XI,
1306 1155 1405 1208 29.
1472 1149 1927 1227 Sophocles,
1975 1150 2132 1226 apud
2165 1170 2341 1229 quem
2387 1142 2658 1225 κάρηνον

496 1252 676 1329 plane
722 1251 1122 1325 desideratur,
1180 1252 1374 1312 utitur
1415 1254 1601 1313 verbo
1650 1246 1806 1330 κάρα
1852 1254 1979 1313 sive
2037 1253 2334 1329 adjectivo
2380 1253 2507 1313 sive
2553 1271 2657 1325 ge-

496 1357 699 1417 netivo
760 1354 1097 1432 possessivo
1158 1354 1390 1429 31136610
1448 1358 1590 1413 Ant.
1644 1359 1693 1427 1,
1742 1359 1883 1427 899,
1931 1361 2074 1417 915.
2123 1355 2191 1416 Ο.
2239 1358 2309 1415 R.
2360 1360 2458 1427 40,
2507 1359 2655 1427 950,

502 1458 684 1531 1207,
737 1462 917 1516 1235.
982 1456 1050 1515 0.
1097 1458 1158 1516 c.
1208 1460 1348 1529 321,
1404 1456 1583 1534 1657,
1638 1461 1816 1516 1631.
1863 1457 1956 1517 El.
2009 1460 2215 1533 1164).
2302 1459 2652 1534 Aeschy-

496 1561 617 1619 lus
662 1562 778 1619 hoc
825 1558 1198 1620 substantivo
1244 1558 1516 1617 absolute
1561 1565 1846 1637 usurpato
1892 1579 2209 1637 personam
2260 1558 2656 1639 circumloqui

499 1662 741 1724 videtur
800 1663 904 1721 Oh.
953 1666 1107 1721 384:
1165 1654 1396 1741 κάρανα
1455 1658 1678 1731 δαῖξας.
1768 1661 1965 1722 Schol.
2010 1664 2122 1724 M.:
2186 1654 2258 1718 τοὶ
2312 1662 2419 1721 τοῦ
2480 1660 2657 1721 οἴκου

498 1756 668 1842 ἄκρα.
736 1759 888 1843 λέγει
928 1758 994 1822 δὲ
1039 1756 1180 1832 τούς
1223 1760 1359 1842 περὶ
1399 1761 1715 1841 Αἴγισθον.
1783 1767 1876 1822 Ac
1921 1784 1997 1822 ne
2041 1756 2197 1842 κάρα
2244 1764 2483 1843 quidem
2525 1785 2654 1823 um-

498 1887 675 1947 quam
720 1866 982 1926 occurrit
1025 1885 1156 1924 cum
1203 1864 1483 1941 genetivo
1529 1865 1885 1944 possessive.
1974 1868 2100 1924 Aut
2143 1866 2303 1925 enim
2347 1867 2478 1926 loco
2526 1866 2654 1943 ejus

497 1990 829 2049 pronomen
872 1969 1277 2048 possessivum
1321 1969 1567 2046 ponitur
1609 1973 1715 2027 aut
1759 1968 1873 2045 adj.
1920 1967 2108 2040 φίλον.
2181 1972 2289 2043 Ag.
2345 1974 2529 2027 1586:
2574 1961 2651 2026 οὕ

498 2063 647 2149 φημ’
691 2064 927 2142 ἀλύξειν
972 2067 1039 2130 ἐν
1084 2068 1222 2153 δίκῃ
1266 2062 1345 2128 τό
1393 2063 1527 2129 σὸν
1572 2064 1765 2149 κάρα
1796 2065 1821 2153 ΙΙ
1854 2067 2264 2146 δημορριφεῖς,
2311 2062 2452 2145 σάφ’
2495 2066 2647 2142 ἰ’σθι,

496 2172 809 2251 λευσίμους
853 2165 1023 2252 ἀράς.
1104 2178 1254 2233 8691
1297 2174 1409 2232 νῦν
1453 2170 1519 2231 δέ
1548 2193 1669 2249 μοι,
1717 2172 1890 2247 φίλον
1936 2166 2113 2250 κάρα,
2159 2164 2381 2248 ἔκβαιν’
2414 2165 2654 2249 ἀπήνης

497 2275 691 2351 τῆσδε.
799 2277 904 2336 ch.
952 2281 1110 2335 2211
1176 2277 1397 2351 σαυτῆς
1459 2270 1726 2348 ἀδελφοῦ
1787 2270 2124 2353 συμμέτρου
2188 2275 2271 2355 τῷ
2331 2275 2416 2357 σῷ
2475 2268 2652 2357 κάρᾳ.

496 2380 577 2437 ib.
626 2384 778 2438 443:
823 2365 919 2457 ἆρ’
964 2370 1162 2456 ὀρθόν
1204 2375 1390 2455 αἴρεις
1434 2374 1713 2450 φίλτατον
1757 2370 1822 2434 τὸ
1870 2368 1979 2434 σὸν
2022 2370 2196 2455 κάρα.

669 2473 912 2556 στόμα.
979 2482 1077 2539 Pr.
1116 2484 1307 2539 10321
1352 2476 1755 2556 ψευδηγορεῖν
1798 2470 1911 2556 γοὶρ
1958 2472 2074 2536 οὐκ
2121 2475 2421 2538 ἐπίσταται
2469 2472 2660 2555 στόμα

498 2573 565 2639 td
614 2583 788 2652 Δῖον,
835 2573 980 2639 ἄλλα
1024 2582 1146 2639 πᾶν
1189 2578 1332 2651 ἔπος
1374 2581 1534 2638 τελεῖ.

670 2674 863 2758 ὄμμα
910 2702 1044 2740 611111
1088 2683 1381 2760 adjectivo
1428 2681 1693 2755 genetivi
1739 2682 2061 2758 possessivi
2106 2683 2299 2743 vicem
2344 2684 2659 2744 obtinente

501 2784 666 2862 (vide
710 2785 870 2843 infra
914 2803 1048 2861 pag.
1101 2785 1220 2863 19).
1310 2786 1408 2844 Pr.
1449 2789 1603 2843 6531
1652 2775 1733 2852 ὥς
1776 2776 1849 2841 ἂν
1892 2776 1957 2842 τὸ
2005 2788 2157 2843 Δῖον
2201 2779 2363 2861 ὄμμα
2405 2781 2658 2870 λωφήσῃ

499 2882 712 2946 πόθου
757 2887 857 2964 (cf.
889 2887 1071 2946 etiam
1101 2888 1204 2946 Oh.
1240 2891 1394 2945 2301
1441 2872 1489 2943 ὦ
1535 2881 1784 2965 τερπνὸν
1829 2878 2034 2965 ὄμμα).
2105 2888 2178 2947 de
2223 2895 2445 2949 nocte
2492 2892 2658 2949 Pers.

500 2994 655 3048 4261
714 2984 827 3057 ἕως
883 2990 1157 3065 κελαινῆς
1216 2983 1431 3059 νυκτὸς
1485 2980 1624 3066 ὄμμ’
1669 2983 1956 3062 ἀφείλετο.
2046 2992 2244 3052 Schol.
2290 2994 2403 3052 M.:
2464 2989 2575 3061 ἕως
2619 2985 2663 3069 ἦ

496 3082 630 3161 νὺξ
693 3086 1094 3172 ἐπιγενομένη.
1185 3095 1259 3153 cf.
1305 3094 1449 3151 Eur.
1493 3093 1631 3172 Iph.
1678 3094 1852 3154 Taur.
1909 3099 2057 3153 1101
2121 3088 2265 3152 ὄταν
2322 3089 2386 3152 δὲ
2445 3089 2661 3164 νυκτός

500 3187 667 3269 ὄμμα
713 3193 957 3273 λυγαίας
1000 3188 1170 3279 μόλῃ.

671 3297 1034 3356 Rarissimus
1078 3319 1257 3376 porro
1304 3304 1365 3358 et
1410 3298 1732 3371 singularis
1790 3304 1882 3357 est
1923 3298 2134 3357 modus
2177 3298 2344 3357 vocis
2387 3292 2661 3378 πώγων

504 3401 616 3472 Ag.
664 3403 819 3458 293:
866 3395 1170 3476 πέμπουσι
1215 3393 1268 3455 δ’
1312 3393 1653 3464 ἀνδαίοντες
1699 3390 1961 3478 ἀφθόνῳ
2007 3395 2165 3472 μένει
2210 3395 2433 3480 φλογός
2476 3398 2660 3480 μέγαν

505 3492 766 3577 πώγωνα
811 3536 895 3545 —-
941 3498 1371 3579 φλέγουσαν
1416 3498 1515 3575 (de
1559 3497 1852 3573 flamma),
1913 3498 2020 3556 ubi
2082 3518 2259 3577 quam
2314 3511 2478 3563 arcte
2536 3508 2660 3566 sint

507 3620 781 3661 connexa
839 3604 1153 3678 genetivus
1212 3606 1272 3660 et
1330 3618 1548 3658 nomen
1610 3616 1855 3671 regens,
1913 3599 2000 3657 ita
2042 3604 2111 3656 ut
2170 3620 2350 3660 unam
2396 3607 2662 3666 efficiant

506 3705 844 3777 notionem,
903 3705 1193 3763 feminino
1257 3719 1477 3777 genere
1537 3699 1840 3777 participii
1888 3697 2222 3780 φλέγουσαν
2265 3705 2658 3782 perspicitur;

507 3811 569 3865 et
629 3806 855 3883 optimo
910 3809 1045 3882 jure
1103 3804 1382 3864 advocari
1446 3808 1672 3880 potest,
1736 3803 1893 3882 quod
1951 3823 2132 3881 supra
2183 3796 2658 3872 memoravimus.

508 3908 615 3966 Oh.
665 3913 822 3967 8861
884 3894 933 3966 οἷ
992 3897 1215 3980 φίλτατ’
1277 3903 1581 3986 Αἰγίσθου
1643 3902 1762 3979 βίοι.
1869 3907 2046 3965 Haud
2106 3908 2282 3970 aliter
2340 3917 2453 3988 Ag.
2504 3916 2657 3974 7381

507 4000 811 4086 θράσος
862 4006 1138 4086 μελαίνας
1195 4001 1582 4088 μελάθροισιν
1639 4000 1844 4082 ἄτας,
1911 4006 2311 4086 εἰδομέναν
2369 4017 2654 4073 τοκεῦσιν.

511 4111 585 4169 cf.
630 4110 825 4186 intpp.
887 4144 970 4156 --
1029 4111 1233 4170 Minus
1292 4111 1577 4173 notabilis
1641 4115 1731 4170 est
1790 4112 2233 4176 circumlocutio
2294 4117 2454 4194 Sept.
2504 4118 2658 4178 547:
