3017 4759
1183 310 1655 376 -111—

513 467 713 527 Verbe
755 464 1148 542 neglegendi:

511 560 553 630 οἷ
565 590 606 646 μ
623 565 731 628 ελέ
743 591 824 644 ω,
886 569 1045 651 quod
1088 570 1339 632 verbum
1383 567 1718 643 genetivus,
1781 568 1883 647 qui
1930 573 2023 628 est
2066 587 2355 646 personae
2401 568 2500 646 (de

337 672 651 750 impietate
712 672 779 731 in
844 671 1013 750 deos)
1078 672 1350 752 sequitur
1403 671 1613 750 Suppl.
1660 675 1817 730 691:
1881 667 2069 729 τῶνδε
2126 663 2212 746 μή
2270 663 2503 747 ἀμελεῖν

339 777 519 834 θεῶν.
605 775 687 835 ib.
734 776 892 836 739:
951 769 1035 851 μή
1080 766 1310 852 ἀμελεῖν
1353 775 1539 833 θεῶν.
1626 775 1709 834 ib.
1761 778 1955 833 1001:
2020 766 2332 850 Κύπριδος
2388 767 2499 833 οὐκ

337 870 545 952 ἀμελεῖ
581 871 810 955 θεσμός
852 869 945 937 δ’δ’
989 869 1246 957 εὔφρων.
1338 877 1658 938 Omittitur
1699 877 2017 952 genetivus
2059 877 2231 936 Eum.
2278 882 2384 937 86:
2431 870 2497 937 το

338 975 421 1058 μή
467 975 702 1056 ἀμελεῖν
747 974 927 1057 μάθε.

511 1073 829 1161 α’κηὸέω.
920 1082 1250 1144 Genetivns
1312 1086 1405 1142 est
1460 1100 1753 1160 personae
1812 1082 1913 1140 Pr.
1964 1084 2115 1141 510:
2175 1083 2400 1142 σαυτοῦ
2445 1075 2500 1142 δ’

336 1178 554 1263 ἀκήδει
598 1182 1052 1263 δυστυχοῦντος.

508 1283 956 1369 παραμελέω
1015 1287 1258 1348 nonnisi
1315 1287 1558 1366 passive
1616 1285 1840 1346 dicitur
1898 1286 2060 1364 Sept.
2111 1290 2267 1348 685:
2298 1291 2497 1360 ’θεοῖς

337 1385 445 1467 μὲν
503 1382 620 1468 ἤδη
674 1410 804 1460 πως
847 1380 1336 1468 παρημελήμεθα.
1423 1389 1596 1448 Eum.
1644 1393 1800 1449 296:
1860 1380 2008 1447 ὥστε
2051 1383 2134 1465 μή
2180 1383 2255 1448 οὗ
2301 1411 2493 1471 παρη-

337 1487 664 1570 μελημένον
710 1487 924 1575 ἔρρειν..

507 1595 731 1656 Facere
774 1613 897 1654 non
941 1613 1185 1672 possum
1219 1593 1367 1674 quin
1396 1592 1620 1653 erroris
1652 1592 2005 1656 convincam
2032 1594 2492 1670 Kiihnerum,

336 1696 558 1777 quippe
604 1697 707 1776 qui
752 1696 882 1775 (Gr.
928 1696 1028 1757 Gr.
1060 1697 1147 1770 ΙΙ,
1191 1717 1248 1774 p.
1283 1700 1425 1769 325,
1472 1696 1564 1755 ed.
1595 1695 1687 1773 ΙΙ)
1733 1715 1810 1756 ex
1852 1696 2129 1770 analogia
2175 1700 2493 1758 verborum

336 1799 585 1858 curandi
630 1800 730 1859 Pr.
778 1803 934 1858 394:
976 1793 1195 1857 τούτου
1238 1792 1551 1871 φυλάσσου
1596 1794 1686 1874 μή
1724 1788 1857 1855 ποτ’
1899 1789 2176 1882 ἀχθεσθῇ
2218 1795 2361 1880 κέαρ
2409 1835 2491 1848 -

333 1901 678 1975 genetivum
740 1892 959 1960 τούτου
1014 1901 1233 1975 jungat
1292 1900 1494 1960 nescio
1557 1918 1674 1980 quo
1730 1899 1907 1958 modo
1968 1919 2103 1960 cum
2161 1896 2490 1976 φυλάσσου.

333 1997 748 2077 φυλάσσεσθαι
792 2022 926 2062 cum
970 2001 1253 2078 genetivo
1299 2006 1462 2061 certo
1493 2001 1833 2061 declaratur
1878 2003 2172 2082 exemplo,
2219 2006 2492 2084 quamvis

332 2104 513 2180 plane
570 2105 810 2167 diversa
864 2104 944 2164 sit
987 2105 1289 2165 sententia
1333 2103 1522 2163 Thuc.
1565 2103 1673 2178 IV,
1727 2108 1822 2178 11,
1868 2112 1941 2164 4:
2002 2102 2495 2184 φυλασσομένους

332 2206 453 2264 τῶν
495 2208 676 2278 νεῶν,
739 2199 824 2285 μή
868 2205 1302 2287 ξυντρίψωσιν,
1361 2206 1467 2266 ubi
1527 2225 1809 2284 perverse
1867 2199 2080 2276 τινας
2121 2208 2269 2288 (τοῖν
2314 2211 2488 2290 νεῶν)

334 2309 811 2368 subaudiendum
855 2328 984 2370 esse
1028 2309 1327 2385 intellegit
1372 2307 1758 2370 Scholiastes.

1377 2586 1440 2645 G.

764 2699 1008 2753 Verba
1041 2701 1435 2766 appetendi
1474 2704 1547 2754 et
1579 2700 2054 2766 adipiscendi.

502 2813 708 2896 έροὶω.
776 2821 1106 2883 Genetivus
1150 2843 1387 2902 semper
1429 2829 1523 2883 est
1563 2824 1653 2883 rei
1696 2823 1860 2902 Sept.
1894 2823 2050 2884 375:
2094 2819 2286 2902 μάχης
2316 2823 2483 2907 ἒραῖν.

326 2920 492 2979 Pers.
542 2920 697 2980 817:
758 2914 949 2982 ἄλλων
1007 2919 1287 3001 ἐρασθεὶς
1344 2918 1524 3001 ὄλβον
1582 2921 1751 3008 ἐκχέῃ
1813 2921 2015 3004 μέγαν.
2106 2930 2284 2988 Eum.
2331 2929 2499 2992 8362‘

327 3022 439 3101 γῆς
480 3014 643 3098 τῆσδ’
687 3016 1118 3102 ἐρασθήσεσθε.
1207 3028 1322 3101 frg.
1376 3030 1530 3086 156:
1573 3021 1841 3096 θάνατος
1884 3022 1960 3087 οὔ
2008 3021 2223 3108 δώρων
2267 3027 2394 3114 ἐρᾷ.

496 3124 760 3186 Aliunde
803 3125 1012 3202 ignota
1052 3128 1248 3187 forma
1291 3133 1384 3188 est
1424 3127 1599 3191 verbi

501 3221 883 3306 ἐραστεύω
928 3229 1010 3305 (v.
1057 3229 1270 3291 Blcmf.
1316 3229 1495 3305 gloss.
1542 3231 1617 3289 ad
1662 3231 1761 3290 Pr.
1808 3251 1860 3291 a.
1892 3230 2068 3308 h.1.).
2153 3232 2483 3298 Genetivus

327 3333 530 3388 exstat
569 3330 692 3389 rei:
735 3331 835 3390 Pr.
884 3336 1038 3392 891:
1084 3328 1430 3410 ἐραστεῦσαι
1474 3326 1701 3411 γάμων.

420 3454 434 3475 2
498 3426 884 3509 ἐπιθυμῶ,
931 3437 1044 3508 Ag.
1091 3439 1248 3494 203:
1307 3433 1531 3506 θυσίας
1573 3433 1909 3518 παρθενίου
1954 3426 2020 3495 θ’
2061 3434 2310 3514 αἵματος
2354 3436 2481 3500 έπι-

323 3533 562 3608 θυμῶν.

494 3633 563 3695 λί
574 3656 729 3696 πται
773 3637 874 3715 (ᾶο
917 3637 1112 3699 forma
1157 3639 1505 3700 consulendi
1565 3646 1707 3701 sunt
1749 3642 2092 3721 Hesychius
2134 3674 2220 3686 -—
2264 3638 2480 3703 ἐπιθυ-

326 3736 472 3812 μῶν.
561 3737 760 3799 Schol.
805 3741 889 3800 M.
932 3741 1007 3800 ud
1053 3741 1216 3818 Sept.
1264 3747 1421 3804 363:
1482 3739 1847 3819 λελιμμένος·
1907 3741 2257 3822 ἐπιθυμῶν·
2313 3739 2478 3825 παρὰ
2536 3804 2544 3811 ,

324 3831 391 3896 τό
419 3836 623 3899 Mum.
693 3842 906 3902 Blomf.
951 3841 1129 3916 gloss.
1175 3845 1252 3902 ad
1293 3844 1456 3921 Sept.
1491 3845 1659 3922 348).
1728 3846 2064 3925 Aeschylus
2110 3847 2301 3908 utitur
2341 3867 2477 3926 par·
2537 3884 2542 3888 ·

326 3938 534 4017 ticipio
591 3943 844 4019 perfecti
904 3943 1132 4020 passivi
1188 3940 1557 4021 λελιμμένος,
1620 3949 1780 4026 quod
1837 3950 2111 4027 seqnitur
2162 3951 2477 4025 genetivus

321 4039 444 4102 rei:
510 4043 674 4121 Sept.
720 4049 874 4107 363:
935 4038 1126 4123 μάχης
1180 4043 1552 4124 λελιμμένος,
1611 4049 1985 4112 accusativus
2042 4053 2315 4112 neutrius
2374 4056 2477 4112 ad-

316 4143 531 4219 jectivi
572 4146 739 4224 Sept.
771 4152 922 4208 338:
965 4139 1103 4208 οὔτε
1144 4151 1312 4226 μεῖον
1353 4140 1478 4209 οὔτ’
1509 4146 1645 4210 ἴσον
1670 4149 2017 4229 λελιμμένοι.
2048 4187 2131 4198 ——-
2176 4159 2291 4229 Ag.
2326 4160 2476 4220 840:
