3017 4759
1258 274 1730 342 -121—

585 432 687 493 Ad
728 434 1054 493 verborum
1099 431 1581 493 communicandi
1626 435 1967 491 structurae
2012 418 2349 506 analogiam
2395 450 2573 504 gene-

416 535 595 597 tivus
625 534 1065 595 determinatur
1106 534 1314 596 verbis
1356 534 1736 611 gustandi
1781 538 1843 594 et
1885 532 2227 607 fruendi,
2288 552 2442 613 quae
2484 537 2575 591 ta-

347 652 353 656 '
416 659 554 699 men
599 638 760 717 apud
799 637 1172 716 Aeschylum
1218 641 1361 696 sunt
1401 637 1729 697 rarissima.

587 732 942 820 γεύομαι.
1029 741 1146 814 frg.
1195 742 1308 813 31,
1368 745 1436 801 2:
1502 735 1609 799 καὶ
1668 731 1917 819 γεύομαι
1975 758 2105 807 πως
2162 738 2268 813 τῆς
2327 728 2575 808 ἀειζώου

416 836 588 913 πόας.
677 845 791 918 Ag.
830 843 1023 902 1176:
1071 829 1157 902 aiv
1187 834 1383 921 πατὴρ
1416 836 1716 922 ἐγεύσατο.
1785 841 2199 922 Metaphorice
2231 860 2367 900 cum
2395 860 2574 919 per-

419 967 647 1007 sonae
691 946 973 1022 genetivo
1031 945 1403 1006 construitur
1458 947 1575 1021 frg.
1620 949 1763 1020 238,
1809 949 1879 1006 4:
1939 938 2070 1021 ἥτις
2124 935 2347 1022 ἀνδρὸς
2403 928 2443 1019 ἦ
2487 960 2578 1020 γε·

417 1045 688 1129 γευμένη.

589 1148 1022 1230 ἔπαυρίσκομαι
1067 1152 1369 1225 „fructum
1411 1151 1726 1230 percipere
1789 1171 1868 1210 ex
1923 1150 2129 1231 aliqua
2169 1153 2293 1222 re“,
2350 1149 2575 1208 Home-

417 1276 521 1316 rus
583 1254 667 1332 (v.
726 1255 817 1313 La
857 1255 1066 1314 Roche
1108 1254 1151 1314 l.
1200 1275 1249 1315 c.
1294 1252 1458 1333 582,
1506 1252 1591 1331 6.)
1653 1273 1888 1332 semper
1942 1252 2089 1313 huic
2142 1254 2329 1315 verbo
2392 1249 2579 1309 adicit

420 1357 772 1434 genetivum
816 1356 1046 1434 pariter
1090 1360 1272 1436 atque
1321 1355 1428 1414 alii
1474 1355 1814 1434 scriptores.
1904 1356 2244 1433 Aeschylus
2288 1352 2578 1414 accusati-
2607 1434 2610 1439 ᾖ

418 1481 565 1522 vum
609 1460 787 1538 ponit
843 1459 1120 1519 neutrius
1178 1457 1554 1538 pronominis
1598 1459 1697 1516 Pr.
1747 1461 1856 1517 28:
1915 1452 2143 1520 τοιαῦτ’
2198 1450 2429 1534 ἔνηύρω
2468 1455 2576 1513 τοῦ

419 1556 862 1642 φιλανθρώπου
895 1555 1144 1640 τρόπον’.
1233 1562 1431 1622 Schol.
1464 1562 1584 1620 M.:
1632 1552 1919 1619 τοιούτων
1953 1554 2239 1635 ἐπέτυχες.
2308 1559 2418 1616 τοῦ
2456 1558 2573 1630 φιλ.

416 1658 648 1744 τρόπου
709 1669 803 1725 est
845 1664 1163 1740 genetivus
1207 1663 1426 1743 pretii,
1487 1662 1651 1743 quod
1693 1662 1941 1724 videtur
1998 1661 2341 1737 neglexisse
2381 1662 2577 1720 Krue-

418 1789 596 1845 gerus
638 1768 738 1828 Di.
785 1765 949 1847 547,
999 1770 1095 1841 15,
1145 1770 1200 1828 1.

592 1971 748 2032 Satis
805 1975 1015 2031 notum
1076 1976 1169 2031 est
1229 1991 1363 2032 cum
1420 1955 1629 2034 verbis
1686 1969 2029 2033 transitivis
2085 1968 2434 2046 genetivum
2488 1968 2579 2028 ita

422 2074 709 2154 copulari,
752 2078 823 2134 ut
860 2073 920 2134 is
956 2078 1191 2152 partem
1234 2095 1312 2135 ex
1355 2080 1484 2135 toto
1523 2076 1827 2153 demptam
1871 2072 2200 2149 significet,
2252 2092 2437 2152 quum
2482 2092 2576 2130 ac·

422 2179 691 2240 cusativo
724 2176 1100 2256 exprimatur
1135 2179 1435 2254 objectum
1478 2181 1693 2238 totum.
1783 2176 2129 2254 Cujusmodi
2172 2178 2361 2238 verba
2402 2194 2576 2235 usur-

418 2282 592 2360 pavit
633 2281 1000 2359 Aeschylus:

595 2380 846 2444 ἐσθίω.
935 2382 1145 2462 Suppl.
1179 2387 1335 2443 216:
1381 2373 1637 2462 ὄρνιθος
1678 2415 1766 2426 --
1811 2372 1979 2460 ὅρνις
2022 2374 2251 2461 φαγών.

589 2483 624 2546 ἔ
632 2508 664 2565 χ
679 2507 742 2545 ω.
831 2488 947 2562 Ag.
981 2490 1137 2547 926:
1182 2482 1371 2554 οἷ’κοις
1401 2482 1529 2568 (Μ.
1562 2476 1747 2554 οἶκος.
1782 2489 1947 2544 certa
1987 2490 2080 2544 est
2109 2484 2400 2545 correctio
2429 2486 2578 2544 Por-

420 2590 553 2651 soni
596 2586 826 2666 οἴκοις.)
870 2583 926 2647 δ’
978 2579 1230 2668 ὑπάρχει
1259 2585 1446 2647 τῶνδε
1489 2579 1603 2647 σύν
1641 2591 1808 2657 θεοῖς
1852 2622 1937 2631 -
1981 2583 2146 2663 ἔχειν.
2234 2583 2420 2644 τῶνδε
2465 2585 2578 2646 sci-

416 2693 564 2753 licet
608 2684 862 2767 εἴμάτων
907 2691 1040 2770 (nos
1102 2693 1326 2765 „deren
1385 2711 1463 2751 zu
1505 2689 1791 2768 haben“).
1880 2689 2010 2756 Quo
2068 2690 2137 2749 in
2192 2691 2324 2750 loco
2382 2688 2577 2768 expli-

421 2796 607 2854 cando
645 2795 1105 2873 Bernhardyum
1132 2782 1400 2874 Ἴτ’)’πςοὶρχει
1445 2814 1583 2854 cum
1626 2790 1812 2852 τῶνδε
1855 2796 2315 2871 conjungentem
2359 2811 2575 2866 magno

420 2894 621 2955 teneri
667 2915 868 2955 errore
911 2897 1286 2957 demonstrat
1325 2898 1688 2958 Klausenus.

588 2990 952 3076 λαμβάνω.
1040 3002 1156 3074 Ag.
1198 3000 1391 3061 1567:
1439 2991 1641 3076 ἄσημ’.
1707 2991 1743 3057 ὃ
1788 2991 1847 3057 δ’
1886 2992 2087 3057 αὐτῶν
2117 2990 2326 3078 ἆγνοίᾳ
2356 2988 2573 3071 λαβών.

418 3101 587 3160 Haec
653 3105 745 3161 est
807 3100 1123 3177 ingeniosa
1180 3104 1525 3180 conjectura
1584 3101 1907 3163 Dindorfii.
2015 3100 2188 3163 Libri
2248 3091 2448 3175 ἄσημα
2510 3090 2569 3155 δ’

418 3195 634 3263 αὐτῶν.
682 3204 837 3264 conf.
882 3226 1017 3284 pag.
1054 3209 1155 3266 48.
1586 3201 1589 3204 ⁴

587 3305 1015 3386 Bernhardyus
1069 3308 1214 3368 huic
1255 3311 1581 3370 verborum
1637 3309 1847 3384 generi
1891 3307 2402 3368 adnumerandum
2445 3326 2574 3365 esse

419 3407 702 3486 opinatur
746 3405 911 3487 οἷ’γω.
999 3411 1107 3469 ch.
1153 3415 1262 3471 64:
1326 3409 1550 3491 οἴγοντι
1592 3413 1913 3488 νυμφικῶν
1959 3407 2233 3470 ἑδωλίων.
2320 3410 2438 3469 Sed
2479 3408 2573 3467 ni-

416 3508 570 3568 titur
610 3508 720 3568 illa
764 3510 968 3589 opinio
1013 3513 1311 3591 scriptura
1355 3515 1673 3574 admodum
1717 3513 1956 3577 vitiosa.
2002 3505 2347 3593 θιγόντι,
2414 3511 2576 3592 quod

410 3613 536 3687 jam
579 3613 921 3691 Stephanus
964 3615 1266 3690 restituit,
1310 3618 1488 3678 unice
1532 3638 1681 3679 vera
1725 3621 1819 3677 est
1858 3616 2061 3677 lectio.

585 3715 756 3773 Idem
785 3718 1211 3795 Bernhardyus
1255 3721 1362 3779 ch.
1397 3726 1548 3789 6911:
1596 3712 1716 3779 ἀλλ’
1747 3711 1878 3778 ἔσθ’
1920 3710 1957 3776 ό
2000 3710 2209 3798 καιρός
2252 3708 2570 3796 ἦμερεύον·

418 3834 523 3884 τας
567 3812 774 3885 ξένους
827 3813 837 3896 Ι
889 3820 1123 3896 μακρᾶς
1165 3814 1460 3878 κελεύθου
1502 3815 1811 3900 τυγχάνειν
1856 3813 1927 3880 τοὶ
1974 3814 2298 3900 πρόσφορα
2343 3816 2573 3894 geneti-

416 3935 559 3975 vum
605 3916 975 3978 existimavit
1018 3920 1251 3999 μακρᾶς
1280 3914 1575 3979 κελεύθου
1620 3944 1750 3983 esse
1794 3928 2000 4003 aptum
2045 3945 2121 3983 ex
2151 3915 2567 4001 ἡμερεύοντας.

415 4021 500 4077 At
555 4039 696 4081 vero
758 4019 1144 4080 determinari
1203 4042 1272 4082 eo
1335 4023 1697 4098 adjectivum
1756 4018 1826 4084 τοὶ
1872 4017 2195 4105 πρόσφορα
2253 4024 2571 4103 explanavi

417 4138 552 4198 pag.
589 4126 687 4181 80.
