3017 4759
1317 267 1399 274 —-
1491 229 1786 295 102-

471 386 636 464 Sept.
669 384 826 446 3173
872 376 1130 444 κλαυτὸν
1174 377 1234 443 δ’
1283 378 1672 465 ἀρτιτρόποις
1705 378 2083 466 ὥμοδρόπων
2119 382 2132 466 Ι
2167 383 2440 462 νομίμων
2481 404 2630 465 προ·

472 480 770 564 πάροιθεν
801 484 1117 563 διαμεῖψαι
1155 483 1166 571 Ι
1206 479 1500 563 δωμάτων
1540 481 1830 569 στυγερὰν
1875 474 2024 549 όδόν
2066 494 2243 564 „ante
2282 491 2474 566 justas
2516 509 2627 549 nu-

470 589 688 668 ptias.“
774 591 1101 672 Praeterea
1141 593 1256 666 Ag.
1292 590 1450 651 9743
1497 584 1566 651 τό
1613 585 1671 649 δ’
1723 586 1824 651 ἐπὶ
1868 592 1983 669 γᾶν
2019 584 2201 650 πεσόν
2244 582 2404 662 ἅπαξ
2434 584 2628 651 θανά-

472 708 654 768 σιμον
690 687 702 774 Ι
740 685 987 768 πρόπαρ
1033 685 1258 771 ἀνδρός
1301 688 1482 768 μέλαν
1526 684 1675 770 αἷμα
1733 691 1823 765 τίς
1866 685 1941 752 ἄν
1977 691 1989 776 Ι
2027 687 2204 752 πάλιν
2248 687 2619 772 ἀγκαλέσαιτ’

396 852 405 857 ,
472 791 765 855 ἐπαείδων
807 794 1134 855 Triclinius
1190 795 1495 874 probabili
1554 796 1801 876 scripsit
1827 799 2187 875 ‚conjectura
2231 786 2628 876 προπάροιθ’,

473 899 634 979 quod
675 898 1140 978 adsumpserunt
1182 898 1534 959 Dindorfius
1581 904 1643 959 et
1685 901 2087 960 Hermannus.

644 993 888 1079 πάρος
931 1002 1090 1080 apud
1137 1002 1506 1080 Aeschylum
1548 1003 1698 1063 locis
1744 1003 2040 1074 omnibus,
2101 1002 2319 1082 quibus
2364 1007 2627 1081 apparet,

473 1104 545 1164 de
611 1109 879 1182 tempore
942 1108 1035 1163 est
1094 1103 1317 1165 dictum
1380 1125 1578 1185 neque
1639 1124 1893 1186 usquam
1954 1105 2204 1166 arcessit
2266 1095 2628 1180 genetivum.

474 1207 634 1285 Sept.
683 1206 836 1267 4073
899 1204 1065 1286 γίγας
1108 1199 1200 1267 ’ὅδ’
1244 1198 1415 1276 ἄλλος
1452 1209 1567 1281 τοῦ
1613 1201 1808 1286 πάρος
1849 1203 2187 1287 λελεγμένου
2232 1206 2461 1284 μείζων.
2548 1208 2629 1268 ib.

480 1314 632 1369 538:
678 1299 936 1383 ἀδελφός
977 1310 1087 1369 τοῦ
1131 1302 1324 1389 πάρος
1367 1306 1726 1390 λελεγμένου.
1802 1313 1903 1371 Pr.
1938 1315 2094 1373 408:
2138 1314 2311 1381 θεοῖς
2354 1314 2478 1380 τοῖς
2519 1303 2634 1370 πά-

476 1430 597 1489 ρος.
641 1445 727 1457 -
787 1414 893 1473 ch.
953 1417 1105 1473 356:
1164 1405 1359 1491 πάρος
1402 1404 1456 1471 δ’
1501 1411 1566 1473 οἱ
1604 1408 1917 1484 κτανόντες
1963 1435 2056 1473 νιν
2109 1407 2301 1484 οὕτως
2356 1413 2631 1490 δαμῆναι.

475 1514 680 1593 Suppl.
714 1519 865 1575 353:
913 1506 1028 1594 ἐγώ
1073 1506 1126 1573 δ’
1156 1507 1231 1573 ἂν
1271 1507 1345 1575 οὐ
1384 1509 1681 1593 κραίνοιμ’
1726 1507 2050 1594 ὑπόσχεσιν
2093 1509 2306 1597 πάρος.
2369 1517 2450 1576 ib.
2484 1522 2636 1576 9033

478 1610 662 1675 πολλά
709 1616 960 1696 γίγνεται
1005 1611 1201 1697 πάρος
1238 1615 1247 1700 Ι
1289 1610 1574 1695 πεσήματ’
1619 1612 1879 1698 ἀνδρῶν.

648 1711 931 1778 ὄπιθεν
994 1722 1092 1797 (de
1152 1721 1347 1780 forma
1409 1742 1465 1783 v.
1530 1723 1675 1782 Lob.
1737 1722 1812 1782 ad
1872 1723 2103 1800 Phryn.
2166 1743 2224 1800 p.
2272 1726 2395 1781 284
2442 1724 2634 1802 seqq.)

479 1840 669 1901 aeque
713 1826 894 1904 atque
939 1817 1234 1896 ἐξόπιν,
1281 1826 1441 1905 quod
1482 1825 1738 1900 legimus
1785 1829 1897 1902 Ag.
1935 1830 2085 1886 112:
2131 1818 2167 1885 6
2209 1818 2478 1895 κελαινός
2520 1819 2559 1885 ὅ
2586 1818 2638 1883 τ’

479 1921 681 1999 ἐξόπιν
726 1917 913 2008 άργᾷς
958 1926 1179 2004 (Schol.
1226 1928 1341 1988 Μ.3
1398 1918 1434 1987 6
1479 1923 1733 1997 ἐξοπίσω
1777 1920 2005 1998 λευκός,
2051 1920 2088 1988 δ’
2132 1923 2288 1987 ἔστιν
2332 1918 2369 1987 6
2409 1924 2640 2007 πύγαρ-

481 2032 606 2112 γος)
668 2029 890 2091 dicitur
949 2031 1079 2090 sine
1139 2030 1421 2106 genetivo
1466 2032 1632 2090 Pers.
1680 2031 1836 2091 9763
1896 2022 2116 2090 ὄπιθεν
2159 2024 2454 2107 ἑπόμενοι.
2540 2029 2641 2092 sio

480 2137 875 2195 correxerunt
935 2133 1315 2195 Wellauerus
1379 2139 1440 2194 et
1502 2133 1924 2194 Blomfieldus:
1992 2125 2249 2193 ὄπισθεν
2312 2125 2366 2192 δ’
2422 2124 2639 2208 ἑπόμε-

482 2257 579 2296 νοι
624 2237 717 2296 Μ

653 2341 876 2401 Contra
905 2338 1191 2418 Aeschyli
1235 2339 1482 2418 propria
1514 2344 1604 2400 est
1633 2340 1904 2401 adverbii
1951 2333 2256 2400 εἰσόπιν
2299 2360 2433 2400 cum
2463 2355 2645 2415 gene--⁴

483 2444 608 2504 tivo
668 2463 860 2524 eoque
915 2443 1205 2522 temporis
1266 2443 1611 2520 conjunctio
1658 2443 1864 2522 Suppl.
1915 2443 2036 2503 597
2054 2464 2069 2503 3
2129 2437 2360 2503 εἰσόπιν
2400 2435 2640 2520 χρόνον.

487 2543 571 2616 εἰς
614 2539 718 2605 τόν
762 2542 1067 2622 μετέπειτα
1104 2539 1318 2625 χρόνον
1347 2579 1432 2591 -—
1476 2547 1624 2606 Cum
1668 2546 1783 2605 hoc
1828 2547 2126 2621 genetivo,
2174 2546 2276 2626 qui
2319 2545 2644 2623 partitivus

486 2653 577 2709 est
604 2648 934 2720 habendus,
982 2648 1425 2725 componendus
1468 2648 1521 2706 is
1554 2653 1644 2707 est
1676 2647 1779 2726 qui
1811 2648 2071 2709 adicitur
2099 2649 2384 2711 adverbio
2417 2641 2642 2728 πρόσω.

485 2753 634 2812 Her.
677 2750 764 2824 11,
817 2753 959 2824 121,
1007 2754 1079 2810 43
1140 2741 1225 2820 οἷς
1267 2745 1474 2830 πρόσω
1519 2737 1597 2828 ἦν
1650 2752 1756 2827 τῆς
1795 2743 2031 2821 νυκτός.
2120 2752 2236 2825 ΙΧ,
2283 2757 2393 2812 443
2454 2741 2533 2820 ὥς
2578 2745 2646 2810 δὲ

486 2846 692 2933 πρόσω
745 2851 854 2929 τῆς
897 2844 1110 2923 νυκτός
1153 2848 1535 2934 προελήλατο.
1622 2853 1722 2933 (of.
1768 2853 1924 2917 Plat.
1969 2855 2134 2916 Prot.
2182 2859 2373 2916 310⁰:
2431 2847 2644 2934 πόρρω

484 2958 606 3016 τῶν
650 2955 922 3034 νυκτῶν).

657 3054 803 3140 πρό
816 3077 915 3121 σω
975 3060 1321 3121 distantiam
1368 3061 1778 3139 metaphorice
1838 3059 2158 3136 designans
2217 3062 2291 3120 ab
2340 3059 2642 3137 Aeschylo

480 3163 756 3242 jungitur
819 3183 953 3222 cum
1013 3164 1294 3238 genetivo
1355 3164 1527 3224 Eum.
1580 3167 1736 3224 410:
1799 3159 1986 3242 λέγειν
2044 3154 2097 3221 δ’
2153 3154 2443 3239 ἄμομφον
2499 3153 2647 3220 ὄντα

487 3259 627 3336 τούς
671 3262 850 3337 πέλας
886 3267 1088 3337 κακῶς
1125 3265 1138 3347 Ι
1175 3258 1431 3346 πρόσω
1477 3263 1728 3326 δικαίων
1756 3257 1854 3344 ἠδ’
1886 3260 2210 3326 ἀποστατεῖ
2232 3261 2429 3341 θέμις.
2496 3266 2647 3325 Pro-

484 3372 620 3448 pria
679 3369 1120 3445 significatione
1163 3369 1413 3448 „procul
1457 3369 1531 3429 a“
1593 3370 1911 3444 genetivus
1973 3390 2094 3430 non
2154 3369 2492 3431 admittitur
2534 3370 2643 3428 Oh.

490 3477 643 3532 358:
700 3464 1134 3551 θανατηφόρον
1194 3461 1368 3530 αἶσαν
1420 3468 1431 3553 Ι
1484 3463 1692 3550 πρόσω
1738 3465 1870 3530 τινά
1929 3465 2357 3532 πυνθάνεσθαι
2400 3469 2413 3554 Ι
2458 3469 2645 3530 τῶνδε

490 3569 697 3635 πόνων
740 3566 1002 3651 ἄπειρον.
1072 3575 1242 3634 Eum.
1278 3580 1387 3635 653
1434 3567 1608 3652 ἔγγύς
1652 3566 1959 3653 παρεστώς
1999 3570 2102 3634 καὶ
2147 3568 2351 3655 πρόσω
2398 3566 2450 3632 δ’
2492 3566 2646 3634 άπο-

488 3678 715 3737 στατῶν
757 3712 841 3722 -
884 3677 965 3738 ib.
1017 3681 1169 3737 1183
1221 3710 1289 3720 ·-—
1342 3667 1493 3757 άνὴρ
1542 3669 1595 3735 δ’
1639 3674 1855 3754 οἴχεται
1901 3669 2143 3756 φεύγων
2184 3670 2409 3758 πρόσω.

658 3783 798 3842 Non
857 3780 1289 3842 excludendam
1347 3782 1422 3841 ab
1480 3783 1600 3841 hoo
1657 3800 1879 3856 genere
1943 3799 2051 3867 ego
2112 3801 2242 3842 esse
2301 3781 2647 3844 existimavi

491 3884 777 3946 adverbia

664 3981 690 4045 ἐ
706 4006 751 4044 π
766 3980 842 4045 έκ
857 4004 884 4045 ε
897 4008 918 4045 ι
929 4008 965 4045 ν
977 4007 1032 4046 α.
1123 3986 1329 4065 Suppl.
1379 3967 1501 4047 247
1521 4009 1536 4047 3
1586 3984 1823 4047 Πίνδου
1864 4006 1925 4046 τε
1967 3980 2303 4046 τάπέκεινα.
