3017 4759
1209 346 1636 414 ..49-

358 504 508 559 100:
566 493 808 558 πέπλων
866 495 963 558 καὶ
1011 498 1274 576 στεφέων
1317 495 1461 562 πότ’
1522 500 1578 563 εἰ
1624 497 1706 582 μὴ
1752 505 1862 565 νῦν
1905 500 2229 582 ἇμφίλιταν
2274 502 2500 584 ἕξομεν.

350 602 466 663 sio.
490 604 574 662 M.
598 636 682 647 --
713 595 872 677 ἀμφὶ
901 597 1064 663 λιτάν
1088 626 1301 666 manus
1330 627 1560 668 reeens.
1629 607 2016 670 Seidlerus
2048 614 2125 672 ob
2151 610 2352 689 ipsum
2380 632 2504 671 me-

346 713 509 767 trum
554 697 713 782 οἷμφὶ
757 698 947 764 λιτάν’
991 711 1253 786 perbene
1282 710 1556 770 restituit
1600 732 1677 771 ex
1722 712 2107 792 Supp1.-773.
2200 712 2360 779 Quid
2388 715 2501 789 igi-

344 810 487 870 tur?
548 810 913 887 adjectivum
972 805 1175 868 λιτανά
1235 832 1369 872 eum
1427 815 1711 889 genetivo
1767 817 2043 892 junctum
2103 813 2343 877 πέπλων
2400 815 2504 876 καὶ

346 909 612 988 στεφέων
653 915 814 973 idem
846 916 1052 976 valere
1090 915 1294 991 judico
1342 922 1523 997 atque
1560 910 1834 988 λιτάνους
1878 915 2142 989 πέπλους
2187 920 2260 980 of.
2294 920 2502 999 Suppl.

347 1016 505 1076 773:
552 1012 694 1093 μέλη
738 1010 943 1076 λιτανά
987 1018 1290 1093 „earmina
1319 1021 1714 1097 precatoria.“
1759 1054 1843 1066 -——-
1888 1023 2055 1083 Haeo
2099 1023 2151 1082 si
2188 1027 2352 1083 reete
2398 1043 2501 1083 ex-

344 1122 541 1198 posita
586 1141 715 1181 esse
760 1121 932 1181 nobis
974 1122 1447 1200 persuaserimus
1468 1170 1484 1199 ,
1532 1124 1679 1204 quin
1718 1125 2008 1201 Scaligeri
2051 1126 2208 1185 illud
2252 1120 2499 1202 πεισμά-

342 1244 461 1283 των
502 1215 765 1304 σωτήρια
808 1252 895 1275 =
937 1223 1235 1301 πείσματα,
1273 1220 1534 1307 σωτήρια
1581 1227 1681 1304 (of.
1728 1228 1928 1289 Schol.
1961 1230 2073 1307 M.)
2117 1229 2311 1308 possit
2351 1229 2500 1288 reti-

344 1329 502 1402 neri,
545 1350 667 1388 non
709 1328 1137 1389 dubitabimus.
1181 1362 1264 1372 —

513 1433 809 1492 Neutrum
855 1432 1319 1510 pronominis
1362 1453 1508 1492 num
1566 1432 1677 1492 illa
1715 1433 1951 1495 ratione
1998 1436 2078 1495 sit
2120 1441 2491 1515 usurpatum,

347 1535 487 1614 quia
526 1535 758 1595 ineerta
814 1541 906 1595 est
959 1537 1079 1594 huo
1131 1556 1320 1616 usque
1368 1536 1658 1595 eorrectio
1704 1533 1840 1597 loei'
1866 1537 2053 1598 totius
2071 1585 2086 1612 ,
2146 1539 2491 1615 ambiguum

343 1642 465 1699 est:
510 1638 719 1716 Suppl.
753 1642 902 1697 285:
949 1634 1050 1696 καὶ
1079 1631 1317 1716 κρυπτά
1348 1632 1404 1718 γ’
1443 1631 1597 1717 ἤρας
1640 1641 1872 1698 ταῦτα
1905 1637 2488 1720 παλλαγμάτων.

339 1740 454 1801 Sic.
489 1743 572 1801 M.
620 1776 702 1787 ——-
746 1743 1026 1801 Robort.:
1087 1743 1269 1799 ταῦτα
1315 1735 1824 1818 παλλακισμᾶτων.
1915 1744 2260 1806 Turnebus:
2305 1747 2492 1805 ταῦτα

337 1845 459 1902 τῶν
518 1838 962 1923 παλλαγμᾶτων.
1053 1845 1324 1905 Peleius:
1391 1839 1831 1922 παλλακεύματ’
1891 1833 1984 1923 ἦν.
2072 1850 2486 1909 Hermannus:

336 1939 653 2026 κὸἱκρυπτα
696 1939 758 2027 γ’
784 1943 976 2028 ‘filique
1008 1950 1190 2006 ταῦτα
1220 1942 1723 2027 τάμπαλάγματα,
1770 1949 1930 2028 quod
1959 1950 2307 2013 Dindorfius
2342 1973 2489 2032 quo-

335 2071 453 2130 que
496 2051 742 2129 recepit.

1339 2239 1479 2319 §4-

510 2362 606 2419 Ex
646 2359 1255 2439 pronominibus
1298 2359 1706 2419 terminantur
1748 2360 2031 2435 genetivo
2076 2360 2366 2439 partitive

515 2485 565 2522 a.
617 2463 1089 2523 Indefinita.
1162 2459 1268 2532 τὶς.
1359 2467 1475 2537 Ag.
1506 2468 1663 2524 346:
1711 2464 1935 2542 νεαρῶν
1980 2485 2125 2523 τινα.
2217 2465 2300 2526 11).
2334 2469 2488 2524 649:

341 2562 580 2625 ἐκείνων
637 2564 694 2625 εἴ
743 2587 831 2636 τις
876 2562 1032 2625 ἐστὶν
1077 2561 1360 2641 ἐμπνέων.
1450 2567 1558 2626 ch.
1598 2570 1750 2628 180:
1817 2561 2011 2627 ἀστῶν
2055 2560 2193 2625 τιν’
2244 2558 2485 2626 ἄλλον.
2540 2559 2545 2566 ’

333 2668 417 2729 ib.
455 2668 607 2729 337:
653 2661 804 2747 πρός
847 2690 1004 2739 τινος
1041 2667 1288 2728 Λυκίων
1336 2703 1418 2714 —
1460 2669 1924 2747 κατηναρίσθης.
2013 2671 2188 2731 Ε11111.
2222 2674 2376 2729 265:
2424 2667 2496 2729 εἴ

333 2792 452 2842 τις
496 2765 723 2841 ἄλλος
755 2806 833 2815 -
866 2769 1113 2850 βροτῶν.
1180 2773 1264 2834 ib.
1303 2772 1456 2832 746:
1501 2771 1605 2832 καί
1633 2793 1722 2843 τις
1750 2764 2043 2850 Ἑλλήνων
2074 2770 2210 2852 ἐρεῖ.
2276 2774 2485 2851 Suppl.

339 2878 444 2934 54:
509 2872 563 2932 εἰ
617 2870 681 2933 δὲ
729 2878 902 2954 κυρεῖ
953 2897 1039 2945 τις
1100 2870 1280 2945 πέλας
1324 2870 1726 2936 οἰωνοπόλων.
1814 2876 1897 2937 ib.
1933 2880 2087 2938 591:
2147 2867 2284 2953 μήτ’
2336 2872 2485 2935 ἐνοί-

334 2998 459 3036 κων
503 2971 640 3054 μήτ’
694 2969 1007 3052 ἐπηλύδων
1049 2970 1196 3036 τινά.
1286 2977 1370 3039 ib.
1407 2984 1561 3037 699:
1620 2972 1803 3048 θεοὺς
1848 2971 2060 3051 ἀτίζων
2103 2998 2191 3048 τις
2234 2975 2482 3055 βροτῶν.

330 3082 432 3140 Pr.
468 3084 578 3140 21:
641 3072 776 3139 οὔτε
821 3073 1032 3155 φωνήν
1077 3072 1213 3138 οὔτε
1258 3099 1367 3138 του
1411 3073 1657 3157 μορφὴν
1700 3078 1950 3159 βροτῶν.
2039 3082 2119 3141 ib.
2154 3079 2305 3140 770:
2365 3081 2483 3138 τῶν

329 3184 455 3241 σῶν
501 3177 607 3243 τιν’
661 3176 843 3243 αὐτόν
903 3176 1165 3263 ἐκγόνων
1222 3173 1368 3242 εἶναι
1422 3175 1625 3261 χρεῶν.
1715 3182 1799 3243 11).
1849 3188 2001 3243 895:
2060 3215 2144 3227 -—
2189 3181 2483 3258 πλαθείην

325 3281 553 3368 γαμέτᾳ
596 3284 709 3346 τινὶ
757 3290 871 3346 τῶν
917 3283 976 3357 ἔξ
1020 3280 1298 3366 οὐρανοῦ.

501 3391 676 3451 Lob.
738 3391 813 3450 ad
853 3389 952 3450 Ai.
1007 3409 1067 3450 v.
1109 3394 1251 3449 998.
1298 3393 1686 3467 praeceptum
1740 3387 1896 3448 illud
1939 3389 2479 3465 grammaticorum,

331 3492 587 3553 Graecos
632 3494 796 3551 θεῶν
829 3493 915 3564 τις
958 3493 1159 3571 potius
1203 3491 1403 3551 dicere
1436 3512 1613 3573 quam
1658 3484 1807 3564 θεός
1851 3512 1953 3563 τις,
2003 3493 2147 3552 adeo
2195 3495 2475 3569 correxit,

328 3600 400 3653 ut
430 3595 772 3677 „plerisque
800 3597 949 3658 loeis
979 3602 1300 3677 utrumque
1331 3601 1540 3675 aptum
1571 3602 1746 3669 esset,
1781 3595 2063 3656 usitatius
2092 3601 2294 3657 tamen
2324 3597 2479 3657 inud

329 3700 684 3775 praesertim
727 3701 794 3760 in
840 3700 1019 3761 certis
1048 3699 1363 3759 formulis“
1395 3699 1851 3760 demonstraret.
1939 3700 2121 3777 Apud
2149 3702 2475 3779 Aeschy-

324 3801 483 3861 lum
530 3803 770 3882 quidem
816 3802 1109 3882 quomodo
1157 3822 1219 3861 se
1261 3804 1486 3862 habeat
1527 3823 1623 3862 res
1641 3848 1656 3875 ,
1700 3806 1772 3861 ut
1801 3822 2172 3881 quaeramus,
2214 3801 2474 3880 primum

325 3904 600 3979 genetivi
645 3907 921 3985 exempla
950 3923 1394 3963 enumeremus:
1440 3905 1608 3964 Pers.
1646 3909 1798 3965 164:
1844 3900 1955 3964 οὐκ
2000 3897 2143 3962 ἄνευ
2186 3906 2350 3962 θεῶν
2391 3925 2473 3963 τι·

323 4028 448 4077 νος.
542 4009 714 4069 Eum.
756 4009 868 4067 70:
930 3998 1026 4077 αἷς
1087 3999 1162 4065 οὗ
1208 4004 1482 4085 μίγνυται
1519 4003 1530 4087 Ι
1569 4008 1734 4064 θεῶν
1793 4028 1881 4075 τις
1938 3999 2078 4065 οὐδ’
2144 3996 2473 4085 ἅνθρωπος

325 4103 472 4170 οὐδὲ
516 4106 640 4191 θήρ
686 4130 845 4171 ποτε.
935 4111 1099 4187 Sept.
1137 4112 1334 4168 1000:
1393 4103 1445 4165 εἰ
1485 4101 1568 4185 μη
1613 4110 1776 4168 θεῶν
1820 4129 1907 4179 τις
1949 4142 2050 4167 -.
2139 4112 2239 4170 Pr.
2277 4114 2471 4169 1026:

325 4210 471 4292 πρὶν
515 4207 592 4273 ἂν
634 4216 798 4275 θεῶν
841 4235 930 4284 τις
973 4206 1249 4289 διάδοχος
1292 4243 1376 4256 --
1422 4210 1611 4294 φανῇ.
1695 4213 1861 4273 Pers.
1901 4209 2057 4272 715:
2114 4206 2353 4291 γνώμης
2404 4207 2472 4268 δέ
2557 4258 2562 4264 .

2034 4319 2073 4373 4
