3017 4759
1248 344 1332 356 -
1424 308 1721 377 123-

570 460 911 543 ἅπτομαι
956 468 1127 546 (Lob.
1174 466 1247 524 ad
1292 464 1392 524 Ai.
1433 464 1582 543 698)
1629 483 1766 524 cum
1810 463 2092 539 genetivo
2141 460 2459 535 colligatur
2497 462 2565 537 ,et

401 572 648 649 propria
715 569 1154 646 significatione
1213 570 1326 642 Ag.
1376 568 1572 626 1579:
1639 563 1814 624 τοῦδε
1869 556 2124 643 τάνδρὸς
2179 553 2440 638 ’ἡψάμην
2504 566 2612 620 et·

402 672 694 733 translata
736 674 850 747 frg.
899 676 1042 741 244,
1091 678 1159 731 32
1205 661 1381 748 άλγος
1425 660 1478 726 δ’
1525 662 1707 727 οὐδὲν
1733 661 1995 726 ’ἅπτεται
2039 667 2284 744 νεκρῶν.

572 774 914 853 Composita
957 777 1325 852 usurpantur

574 869 1053 953 ἐφάπτομαι,
1115 875 1275 956 quod
1318 873 1731 951 metaphorice
1783 871 2062 948 jungitur
2104 890 2239 930 cum
2284 870 2563 945 genetivo

402 979 607 1058 Suppl.
655 978 775 1038 397
794 1001 810 1040 ε
856 977 1060 1059 -δῆρις
1105 975 1328 1058 ῥυσίων
1374 968 1694 1050 ἐφάψεται.

573 1073 919 1142 συνάπτο
932 1103 1082 1157 μαι.
1150 1078 1466 1140 Translato
1515 1096 1693 1136 sensu
1737 1075 1969 1154 pariter
2010 1081 2190 1156 atque
2223 1066 2567 1150 ἐφάπτομαι

402 1183 749 1258 genetivum
796 1183 911 1243 sibi
954 1183 1232 1260 adjungit
1276 1183 1440 1241 Pers.
1476 1180 1635 1240 715:
1681 1171 1920 1258 γνώμης
1964 1173 2031 1236 δέ
2072 1170 2194 1237 πού
2226 1198 2314 1247 τις
2358 1168 2566 1251 δαιμό-

403 1306 522 1344 νων
566 1279 895 1362 ξυνήψατο.
983 1287 1184 1348 Schol.
1215 1288 1333 1345 Ma
1380 1275 1748 1363 συνήργησεν
1794 1271 1955 1362 αὐτῷ
2002 1278 2234 1353 δαίμων
2277 1300 2383 1348 τις.
2464 1279 2561 1355 (cf.
2609 1331 2628 1347 „

403 1388 617 1448 Blomf.
681 1388 885 1467 gloss.)
991 1388 1134 1448 Sine
1197 1385 1479 1463 genetivo
1549 1385 1774 1444 dictum
1841 1382 2145 1457 significat
2204 1383 2565 1458 „adjuvare“

403 1491 568 1550 Pers.
619 1490 776 1550 733:
837 1480 873 1549 ὁ
915 1482 1064 1559 θεὸς
1107 1482 1483 1561 συνάπτεται,
1546 1486 1704 1567 quod
1751 1485 2004 1563 exponit
2046 1484 2409 1544 scholiastes
2455 1485 2566 1544 M.:

403 1583 440 1652 ὅ
469 1584 613 1662 θεὸς
644 1584 1232 1668 συνεπιλαμβάνεται.
1311 1590 1557 1668 (Activo
1602 1580 1923 1648 συνάπτειν
1967 1586 2354 1661 „contiguum
2398 1587 2567 1644 esse“

330 1682 337 1687 ⁸
403 1696 743 1755 adnectitur
788 1694 1027 1753 dativus
1071 1694 1239 1752 Pers.
1289 1693 1443 1752 871:
1521 1683 1694 1773 Τήνῳ
1750 1709 1811 1749 τε
1865 1680 2224 1749 συνάπτουσ’
2263 1682 2273 1768 Ι
2308 1679 2570 1764 ’Ἀνδρος

409 1792 793 1877 ἀγχιγείτων.)

577 1893 841 1975 ἔχομαι
884 1897 1286 1976 „amplector“
1330 1897 1492 1974 Sept.
1538 1901 1651 1954 96:
1716 1886 1966 1971 ἀκμάζει
2008 1887 2261 1977 ρρετέων
2305 1887 2566 1968 ἔχεσθαι.

579 1999 768 2059 Unico
813 2001 999 2061 verbo
1043 1998 1492 2076 temptandi
1537 1998 1730 2057 utitur
1772 1996 2142 2074 Aeschylus:

461 2121 466 2126 ·
578 2094 1034 2180 πειράομαι,
1083 2101 1241 2180 quod
1289 2100 1530 2180 quidem
1571 2100 1732 2159 haud
1766 2100 2077 2159 discedens
2121 2099 2196 2158 ab
2229 2095 2568 2157 Atticorum

409 2224 682 2264 sermone
719 2205 923 2280 jungit
967 2223 1101 2263 cum
1132 2203 1410 2278 genetivo
1450 2221 1759 2280 personae,
1808 2220 1962 2283 quae
2008 2200 2245 2282 qualem
2289 2220 2352 2258 se
2396 2217 2571 2276 prae·

408 2307 564 2379 beat,
614 2305 937 2385 quaeritur.
1005 2300 1118 2380 Ag.
1158 2309 1350 2365 1355:
1395 2301 1691 2383 πειρᾶσθέ
1735 2324 1852 2380 μου
1896 2294 2181 2382 γυναικός
2223 2293 2306 2372 αἷς
2338 2294 2567 2379 ἄφρασ-

409 2400 625 2483 μόνως.
730 2408 811 2468 ib.
866 2413 1061 2468 1634:
1124 2405 1410 2483 δαίμονος
1477 2403 1907 2485 πειρωμένους.
2016 2405 2217 2484 (Quod
2280 2404 2572 2465 exhibent

405 2511 548 2571 libri
580 2507 888 2586 δαίμονας,
926 2511 1404 2590 Bernhardyum‚
1450 2515 1520 2569 ut
1551 2529 1686 2569 cum
1705 2510 2047 2570 accusativo
2082 2508 2364 2585 conjungi
2394 2527 2570 2586 posse

404 2612 554 2672 illud
605 2613 859 2674 verbum
918 2613 1190 2686 doceret,
1251 2611 1521 2672 adduxit.
1609 2612 1650 2670 J
1650 2630 1746 2670 am
1789 2611 2143 2671 Schuetzius
2203 2610 2393 2669 edidit
2446 2607 2573 2669 δαί-

408 2736 611 2792 μονος,
655 2714 747 2774 uti
790 2715 1060 2775 Stanleio
1109 2734 1346 2795 quoque
1391 2714 1589 2776 visum
1635 2713 1768 2791 est.)
1816 2747 1901 2759 —-
1944 2714 2051 2773 Oh.
2089 2716 2239 2773 500:
2286 2711 2574 2788 δαίμονος

406 2809 790 2896 πειρώμενος.
836 2884 853 2891 ό
881 2816 1129 2893 (Similis
1175 2818 1476 2877 sententia
1522 2821 1613 2876 est
1658 2818 1931 2894 subjecta
1986 2818 2095 2876 sub
2154 2816 2412 2876 formula
2454 2818 2566 2888 Ag.

415 2925 607 2980 1624:
653 2911 762 2994 τὴν
804 2911 987 2995 τύχην
1033 2910 1084 2977 δ’
1130 2913 1517 2998 αἱρούμεθα.)
2472 2914 2480 2921 ’

581 3023 836 3082 Perrara
881 3025 972 3080 est
1016 3020 1245 3098 ellipsis
1290 3020 1559 3096 genetivi
1602 3021 1764 3097 Sept.
1813 3025 1969 3081 213:
2014 3017 2309 3096 πολεμίων
2352 3036 2570 3097 πειρω-

410 3119 626 3202 μένων,
674 3144 855 3205 quum
898 3124 1199 3184 incertum
1243 3125 1323 3183 sit
1367 3126 1686 3201 objectum.

578 3228 987 3316 15'roprietates
1050 3248 1126 3288 ex
1180 3227 1653 3306 proprietatibus
1707 3224 2018 3284 nectimus.
2107 3226 2204 3284 Ab
2249 3224 2569 3285 verborum

410 3329 570 3389 enim
616 3330 966 3408 capessendi
1022 3336 1359 3389 structurae
1417 3327 1813 3388 similitudine
1856 3329 2187 3406 profectam
2230 3345 2359 3386 esse
2401 3329 2571 3405 patet

408 3431 706 3491 rationem
751 3432 1140 3491 construendi
1183 3432 1356 3493 verbi
1403 3428 1703 3490 ἷκνεῖσθαι
1747 3429 2180 3508 „supplicare“,
2225 3428 2568 3488 iudicantis.

411 3534 565 3593 conf.
609 3534 817 3594 Elmsl.
863 3534 938 3592 ad
984 3534 1139 3594 Med.
1191 3540 1332 3594 318.
1394 3533 1599 3594 Valck.
1645 3534 1721 3593 ad
1766 3534 1981 3593 Theor.
2026 3533 2133 3607 IV,
2183 3536 2282 3592 35.
2342 3532 2567 3591 Bernh.

410 3643 566 3714 synt.
611 3656 669 3714 p.
707 3641 844 3698 148.
905 3638 1128 3712 Krueg.
1179 3635 1344 3715 547,
1397 3641 1492 3712 12,
1545 3636 1598 3695 5'.

579 3739 715 3797 'Hoc
757 3739 917 3798 enim
958 3741 1210 3801 verbum
1229 3783 1245 3812 ‚
1309 3739 1406 3798 cui
1449 3739 1787 3817 Aeschylus
1849 3738 2258 3799 accusativum
2301 3737 2568 3817 applicat

409 3857 699 3917 personae
755 3843 914 3916 ejus,
975 3840 1069 3899 cui
1117 3841 1250 3919 quis
1307 3841 1608 3919 supplicat
1649 3843 1814 3900 Pers.
1860 3846 2019 3901 216:
2081 3834 2268 3910 θεοὺς
2314 3835 2378 3898 δὲ
2424 3861 2570 3916 προ-

413 3942 699 4019 στροπαῖς
753 3936 1088 4017 ἱκνουμένη.
1178 3941 1382 4019 Suppl.
1432 3946 1584 4002 146:
1646 3944 1810 4019 Ζῆνα
1852 3976 1936 3988 —-
1984 3936 2273 4019 ἱξόμεσθα
2317 3976 2403 3986 --
2446 3962 2567 4002 uno

283 4075 292 4080 -
409 4042 543 4102 loco
604 4042 903 4104 construit
960 4062 1093 4103 oum
1153 4043 1436 4120 genetivo
1493 4044 1621 4118 dei,
1682 4058 2039 4126 perquem
2083 4047 2217 4126 quis
2260 4050 2567 4123 precatur:
