3017 4759
609 469 668 546 a)
719 471 780 546 α)
829 471 1066 530 Primae
1111 491 1402 548 personae
1449 470 1773 545 singularis
1817 471 2223 546 possessivum
2268 490 2598 546 pronomen

439 566 612 647 ἐμός
658 594 840 651 quum
874 578 1148 633 occurrat
1186 575 1393 633 l53ies
1424 574 1702 652 (Accedit
1734 574 1913 632 etiam
1946 563 2102 648 άμός
2144 573 2293 632 10013
2340 579 2597 659 septem:

435 676 595 754 Sept.
644 681 785 749 400,
836 678 976 735 637.
1046 678 1151 736 ch.
1198 681 1341 750 416,
1391 681 1535 735 425.
1604 676 1807 754 Suppl.
1858 681 1958 748 99,
2009 681 2150 735 309.
2221 678 2393 735 Eum.
2443 677 2595 752 436)

437 775 779 855 [praeterea
824 813 909 822 --
955 799 1012 839 v.
1057 779 1219 838 infra
1263 812 1346 823 --·
1392 779 1580 838 octies
1636 778 1903 853 genetivi
1964 779 2054 837 011
2065 778 2349 854 jectivi
2396 782 2597 855 partes

432 881 682 958 suscipit
728 882 826 940 Pr.
875 887 1031 941 392:
1088 882 1319 960 θρῆνος
1365 873 1570 957 οὖμός.
1662 881 1828 941 Pers.
1877 885 2033 940 690:
2090 873 2199 954 τήν
2245 871 2397 953 ἐμὴν
2443 875 2595 938 alodi

432 981 655 1058 μεθείς.
721 984 800 1044 111.
839 985 1033 1043 10171
1079 974 1302 1055 στέναζ’
1331 976 1479 1060 ἐμὴν
1522 976 1724 1061 χάριν.·
1782 986 1891 1056 Ag.
1931 983 2124 1041 1276:
2169 981 2407 1059 θρῆνον
2453 973 2598 1056 ἐμόν

433 1077 537 1143 τόν
576 1078 780 1159 αὐτῆς.
848 1087 959 1160 Ag.
1002 1086 1192 1146 1278:
1239 1088 1362 1156 τοῖς
1409 1083 1576 1161 ἐμοῖς
1620 1076 1943 1163 τιμαόροις.
1976 1118 2058 1126 --
2110 1084 2303 1144 1279:
2350 1085 2598 1157 φονεῦσι
2651 1091 2656 1096 ’

432 1189 559 1255 τοῖς
603 1182 773 1261 ἐμοῖς
817 1187 1172 1248 difficillimo
1216 1189 1346 1248 loco
1393 1207 1462 1247 ac
1506 1207 1694 1266 prope
1744 1187 2075 1264 desperato.
2165 1187 2381 1246 deinde
2425 1188 2595 1253 Eum.

436 1293 553 1348 91:
614 1288 1078 1364 ποιμαίνων-
1132 1283 1276 1366 ἐμόν
1336 1286 1550 1365 ἱκέτην.
1639 1294 1940 1367 postremo
1986 1324 2068 1333 —
2113 1289 2252 1351 vide
2308 1289 2470 1349 infra
2511 1324 2595 1334 -—

432 1391 794 1467 adjectivum
837 1393 1156 1455 relativum
1194 1393 1534 1471 appositum
1578 1397 1671 1451 est
1700 1393 1804 1451 ch.
1843 1397 1998 1451 532:
2044 1385 2269 1467 μαστὸν
2301 1427 2381 1435 -
2414 1385 2596 1465 ἐμόν

433 1485 828 1571 θρεπτήριον]
861 1496 1177 1569 genetivus
1221 1490 1402 1570 ἐμοῦ
1448 1493 1691 1552 0111111110
1723 1494 2012 1568 viginti
2062 1515 2192 1554 sex
2234 1494 2383 1553 locis
2428 1495 2595 1554 inve-

434 1597 629 1667 nitur,
694 1596 971 1656 enclitica
1027 1599 1221 1657 forma
1264 1599 1380 1672 μοῦ
1422 1602 1734 1675 praeterea
1776 1594 1925 1654 locis
1970 1615 2120 1654 uno
2168 1602 2243 1655 et
2285 1596 2591 1670 viginti.

435 1698 657 1757 Verum
701 1700 1014 1772 genetivus
1074 1699 1179 1759 ille
1226 1696 1371 1773 ἐμοῦ
1419 1699 1763 1779 quindecies
1823 1703 1997 1776 aptus
2057 1703 2148 1757 est
2202 1719 2278 1759 ex
2322 1698 2594 1776 proposi-

432 1800 698 1859 tionibus
759 1807 819 1859 et
873 1802 1173 1862 adverbiis
1217 1802 1405 1879 (PerS.
1457 1801 1596 1859 527.
1659 1803 1769 1874 Ag.
1818 1805 1957 1873 335,
2014 1806 2190 1873 1222,
2243 1803 2423 1860 1272.
2483 1801 2592 1859 011.

440 1907 575 1960 164.
624 1903 795 1960 Eum.
826 1908 967 1977 851,
1003 1909 1142 1963 864.
1188 1904 1394 1982 Suppl.
1430 1910 1571 1964 261.
1617 1904 1714 1962 Pr.
1743 1907 1884 1975 234,
1919 1907 2061 1975 469,
2097 1908 2238 1975 505,
2272 1908 2414 1976 698,
2449 1907 2591 1976 913,

436 2003 578 2061 987.
622 2005 735 2078 frg.
772 2007 937 2081 333),
986 2025 1120 2064 cum
1150 2005 1351 2066 verbis
1397 2009 1748 2083 conjunctus
1793 2009 1884 2063 est
1925 2005 2045 2063 bis
2090 2004 2227 2081 (Ag.
2265 2006 2445 2066 1277.
2491 2006 2591 2064 Pr.

436 2106 584 2180 377)
633 2126 766 2166 cum
811 2108 1108 2183 adjectivo
1165 2109 1346 2168 semel
1390 2108 1596 2186 Suppl.
1646 2113 1788 2166 242.
1833 2141 1916 2150 —-
1974 2108 2303 2184 objectivus
2348 2114 2441 2167 est
2484 2111 2594 2182 Ag.

445 2213 624 2267 1215.
670 2210 768 2269 Pr.
810 2216 943 2283 169,
992 2212 1431 2290 comparativus
1476 2212 1584 2269 Oh.
1621 2215 1761 2268 211.
1807 2211 1976 2268 Ε11111.
2013 2216 2151 2283 833,
2202 2217 2341 2268 864.
2385 2210 2591 2288 Suppl.

441 2314 583 2383 957,
631 2312 936 2372 absolutus
983 2316 1079 2373 Pr.
1114 2314 1257 2374 217.
1323 2312 1712 2393 Relinquitur
1752 2313 1941 2386 igitur
1981 2312 2149 2372 locus
2192 2333 2349 2371 unus
2396 2311 2592 2391 [nam-

441 2432 555 2491 que
613 2415 815 2493 Suppl.
864 2422 1016 2476 952:
1078 2413 1210 2493 ἐμοὶ
1271 2409 1321 2474 δ’
1382 2408 1655 2483 ὀπαδούς
1715 2408 1925 2473 τούσδε
1989 2411 2088 2473 καὶ
2150 2408 2519 2493 δορυσσόους
2578 2410 2595 2495 Ι]

439 2512 666 2585 ἔταξαν,
716 2518 872 2595 quod
919 2518 1289 2595 scripserunt
1331 2520 1538 2577 Herm.
1585 2521 1647 2576 et
1689 2516 1869 2576 Dind.
1919 2513 2066 2591 ἐμοῦ
2113 2509 2162 2573 d'
2207 2516 2369 2575 nullo
2414 2517 2589 2576 modo

439 2638 567 2677 esse
625 2620 936 2702 ferendum
992 2620 1190 2699 quivis
1249 2620 1536 2680 concedet
1580 2620 1690 2696 (M.
1738 2611 1940 2693 ἐμοῦσ,
2003 2635 2037 2676 σ
2080 2619 2145 2677 111
2193 2610 2244 2675 δ’
2288 2615 2590 2697 mutate.)]

438 2721 643 2799 Suppl.
689 2725 843 2780 468:
898 2715 1036 2797 μηδ’
1079 2715 1446 2805 ἀπορριφθῇ
1489 2716 1664 2800 λόγος
1703 2720 1711 2802 Ι
1753 2718 1915 2797 ἐμοῦ.
2006 2721 2386 2781 Schuetzius:
2443 2741 2592 2796 „nec

438 2830 661 2883 temere
705 2823 1015 2883 effutiatur
1044 2843 1236 2883 sermo
1268 2830 1491 2883 meus“.
1568 2829 1651 2883 At
1692 2844 1893 2898 regem
1936 2825 2148 2883 timere
2194 2845 2271 2882 ne
2315 2825 2588 2884 homines

440 2946 502 2984 se
534 2926 859 3000 objurgent
897 2932 959 2985 et
999 2926 1518 2986 criminationibus
1551 2926 2024 2988 circumveniant
2065 2928 2202 2986 luce
2233 2931 2324 2986 est
2354 2927 2591 2987 clarius.

439 3029 736 3088 Continuo
799 3029 958 3089 enim
1024 3034 1358 3108 sequuntur
1415 3031 1629 3090 verba:
1695 3020 1820 3087 κατ’
1882 3022 2068 3107 ἀρχῆς
2127 3022 2239 3107 γάρ
2301 3027 2592 3104 φιλαίτιος

436 3125 579 3200 λεώς
625 3151 775 3210 quae
820 3133 1020 3205 verba,
1067 3128 1215 3207 ἐμοῦ
1260 3132 1310 3190 31
1357 3139 1515 3191 esset
1557 3153 1691 3207 gen.
1737 3152 1911 3210 poss„
1975 3151 2170 3210 neque
2216 3133 2587 3191 commodum

440 3235 683 3292 omnino
730 3237 1088 3312 praeberent
1132 3253 1369 3294 sensum
1413 3255 1609 3313 neque
1672 3254 1806 3294 cum
1850 3235 2346 3311 praecedentibus
2390 3234 2591 3295 verbis

439 3337 848 3395 cohaererent.
927 3333 1075 3411 ἐμοῦ
1102 3337 1306 3410 ,igitur
1351 3337 1495 3415 quin
1544 3337 1622 3396 sit
1668 3356 1802 3411 gen.
1836 3338 1952 3412 obj.
2000 3356 2069 3397 ac
2100 3338 2399 3397 Stanleius
2428 3342 2591 3396 recte

435 3436 763 3496 reddiderit
818 3457 1051 3516 „neque
1111 3438 1441 3516 proiciatur
1499 3439 1750 3498 verbum
1810 3439 1882 3496 de
1940 3444 2073 3498 me“
2134 3440 2408 3519 equidem
2467 3459 2590 3498 non

438 3539 662 3597 dubito.
731 3539 901 3597 Nihil
946 3545 1145 3599 autem
1190 3541 1291 3600 hic
1334 3559 1467 3612 gen.
1518 3541 1634 3615 obj.
1681 3542 1865 3600 habet
1909 3541 2258 3601 offensionis
2304 3544 2384 3617 (v.
2429 3541 2591 3600 infra

434 3661 491 3717 p.
540 3641 663 3717 32).
754 3645 861 3714 Ag.
913 3647 1068 3703 609:
1116 3636 1349 3700 αὐτοῦ
1393 3643 1608 3713 ζῶντος
1652 3635 1692 3717 ἢ
1734 3638 2098 3718 τεθνηκότος
2142 3638 2379 3716 φάτις
2422 3634 2587 3722 ἐκλῄ-

435 3744 576 3812 ζετο.
654 3743 733 3802 ib.
772 3748 924 3803 312:
970 3736 1252 3822 φθογγάς
1296 3745 1612 3823 συμφορᾶς
1658 3742 1882 3821 διπλῆς.
1952 3746 2260 3824 Imprimis
2303 3748 2401 3806 Pr.
2436 3745 2587 3803 731:

436 3840 609 3921 λόγος
668 3841 848 3923 μέγας
901 3842 909 3926 Ι
963 3846 1069 3920 τῆς
1127 3847 1237 3922 σῆς
1295 3846 1558 3925 πορείας.
1646 3848 1825 3925 Soph.
1885 3848 1980 3907 Ai.
2030 3854 2185 3908 998:
2247 3843 2410 3919 ὀξεῖα
2456 3837 2588 3926 γάρ

441 3961 571 4003 σου
616 3939 801 4021 βάξις.
893 3953 1047 4007 220:
1096 3941 1312 4026 ἀνέρος
1356 3947 1621 4019 αἴθοπος
1667 3945 1953 4029 ἀγγελίαν.
2043 3954 2184 4009 Ant.
2241 3953 2346 4009 11:
2392 3951 2593 4026 μῦθος

436 4045 644 4121 φίλων.
708 4049 800 4108 De
842 4049 1145 4110 locutione
1187 4044 1367 4130 λόγον
1411 4046 1808 4132 ἀπορρίπτειν
1854 4054 1926 4112 cf.
1972 4053 2146 4112 Pind.
2194 4051 2286 4110 Ol.
2319 4051 2430 4125 IX,
2480 4055 2589 4110 35:
