3017 4759
484 432 624 495 ποτὶ
666 439 829 514 χεῖρα
874 434 1096 495 σαίνων
1140 456 1199 495 τε
1245 429 1573 515 γαστρός
1616 430 2003 516 ἀνάγκαις
2043 436 2424 513 ‚,necessitas,
2472 458 2651 519 quam

484 542 661 600 affert
702 543 970 601 venter“.
1064 544 1217 599 995:
1283 531 1577 617 ἀνάγκη
1637 532 1802 616 τῆσδ’
1847 537 2156 620 ἐπιρρέποι
2216 534 2445 618 τύχης
2505 540 2647 618 (adj.

484 664 593 720 pro
639 663 772 718 gen.
822 624 989 720 subjs
1038 642 1246 702 eodem
1308 663 1487 701 sensu
1547 642 1809 721 positum
1869 650 1960 704 est
2004 647 2169 704 Pers.
2216 649 2367 705 585:
2429 642 2646 718 δασμο-

482 747 778 825 φοροῦσιν
816 744 826 827 Ι
867 738 1476 805 δεσποσύνοισιν
1522 739 1901 825 ἀνάγκαις
1943 749 2365 821 „necessitates
2395 764 2431 805 a
2461 746 2649 806 domi-

481 850 577 908 nis
621 850 967 910 adhibitae“
1012 851 1086 909 cf.
1132 851 1275 911 Eur.
1307 851 1495 910 Andr.
1535 855 1685 910 132:
1733 849 2038 909 δεσποτῶν
2083 843 2415 930 ἀνάγκαις).
2484 850 2646 927 Sept.

488 958 637 1014 112:
685 946 906 1032 ἄρηξον
950 951 1191 1012 δαΐων
1235 945 1539 1013 ἅλωσιν.
1620 954 1816 1014 Schol.
1849 955 1964 1014 M.:
2010 948 2328 1031 βοήθησον
2374 946 2520 1012 ὥστε
2564 948 2647 1030 μή

481 1047 626 1115 13πὸ
674 1057 816 1114 τῶν
862 1054 1242 1133 πολεμίων
1288 1049 1577 1115 ἅλωσιν
1621 1051 1915 1135 γενέσθαι.
2006 1058 2177 1116 Eum.
2225 1056 2380 1116 457:
2429 1049 2468 1113 ἃ
2509 1057 2664 1117 λου-.

485 1180 560 1236 τρ
578 1160 671 1217 ῶν
716 1151 1089 1237 ἐξεμαρτύρει
1138 1152 1335 1232 φόνον
1379 1158 1727 1234 genetivum
1771 1159 2037 1237 λουτρῶν
2079 1161 2193 1220 hac
2235 1159 2471 1220 ratione
2516 1180 2645 1219 esse

484 1262 904 1339 explicandum
949 1261 1085 1340 quis
1131 1282 1252 1320 non
1300 1261 1504 1321 videt?
1592 1263 1772 1321 Enim
1816 1283 1960 1323 vero
2004 1264 2272 1340 λουτρῶν
2316 1255 2511 1336 φόνος
2554 1268 2647 1322 est

483 1366 731 1440 „caedes
776 1366 988 1424 balneo
1020 1370 1406 1443 perpetrata“
1449 1366 1512 1424 id
1547 1368 1705 1445 quod
1751 1371 2009 1427 testatur
2039 1367 2146 1427 ch.
2180 1367 2336 1426 478:
2380 1366 2645 1443 λουτρῶν

483 1458 578 1537 οἷς
638 1464 1023 1544 ἐνοσφίσθης.
1117 1468 1319 1528 Facile
1378 1469 1569 1544 igitur
1623 1470 1998 1545 intellegitur
2053 1475 2367 1549 perperam
2423 1470 2641 1529 Schoe-

484 1593 767 1631 mannum
811 1576 873 1630 et
903 1571 1226 1631 Franzium
1271 1592 1379 1650 pro
1410 1573 1700 1650 λουτρῶν,
1750 1592 1902 1653 quae
1948 1579 2039 1632 est
2082 1573 2304 1633 codicis
2332 1574 2414 1631 M.
2461 1570 2640 1631 lectio

483 1675 724 1734 Scholio
773 1675 1139 1748 confirmata,
1187 1676 1607 1750 corrigendum
1653 1678 1981 1754 conjecisse
2025 1670 2309 1755 λουτρῶν.

655 1778 950 1843 Quocirca
979 1779 1145 1837 Pers.
1179 1784 1330 1839 601:
1379 1771 1512 1854 ἐμοὶ
1557 1772 1669 1858 γάρ
1717 1772 1833 1856 ἤδη
1866 1771 2062 1837 πάντα
2091 1774 2199 1854 μὲν
2230 1772 2433 1854 φόβου
2465 1771 2635 1835 πλέα.

485 1877 548 1939 ἐν
608 1872 866 1956 ὄμμασιν
922 1875 1172 1938 τάνταῖα
1232 1879 1505 1954 φαίνεται
1565 1883 1763 1955 θεῶν,
1832 1883 1948 1941 nisi
2009 1903 2153 1944 vero
2221 1881 2352 1962 quis
2411 1880 2641 1940 mavult

480 1985 681 2058 legere
727 1984 883 2064 quod
927 1984 1243 2062 proposuit
1283 1984 1669 2044 Blomfieldus
1713 1976 1786 2042 τοὶ
1832 1986 1996 2043 θεῶν
2040 1987 2114 2045 cf.
2160 2004 2292 2062 pag.
2328 1991 2441 2043 26:
2506 1977 2636 2040 τᾶν·

483 2089 617 2143 ταῖα
662 2087 824 2178 θεῶν
884 2106 993 2161 ego
1053 2092 1199 2164 puto
1261 2108 1390 2146 esse
1434 2088 1726 2161 „adversa
1769 2108 1805 2146 a
1849 2088 1939 2146 dis
1983 2087 2220 2160 missa“‚
2286 2107 2509 2168 neque,
2570 2091 2638 2145 ut

480 2190 627 2248 fecit
670 2190 1053 2249 Hermanuus
1099 2188 1414 2266 (‚,adversa
1472 2192 1717 2251 deorum
1762 2191 1912 2249 mihi
1956 2190 2239 2250 videntur
2292 2190 2472 2266 plena
2515 2210 2634 2248 me-

418 2283 423 2289 ’
479 2292 642 2369 tus“)
686 2292 1191 2370 interpunctionis
1236 2299 1380 2352 nota
1421 2300 1561 2371 post
1606 2288 1751 2351 πλέα
1796 2293 2062 2353 tollenda
2108 2298 2215 2353 est.
2286 2296 2360 2353 cf.
2402 2315 2459 2356 v.
2495 2299 2633 2354 598.

480 2396 572 2453 De
615 2397 788 2455 Eum.
835 2402 989 2457 232:
1050 2398 1160 2456 τοῦ
1202 2394 1651 2475 προστροπαίου
1698 2398 1874 2472 μῆνις
1919 2402 1981 2456 et
2036 2397 2119 2457 ib.
2166 2397 2286 2455 497
2337 2430 2422 2441 -—
2465 2390 2643 2465 κότος

485 2533 567 2541 -
613 2491 918 2576 ἐργμάτων
962 2500 1100 2562 vide
1162 2519 1316 2580 quae
1373 2500 1624 2577 exposui
1669 2519 1802 2577 pag.
1852 2507 1951 2561 33.
2039 2502 2121 2561 ib.
2168 2505 2310 2575 959,
2371 2502 2423 2559 si
2466 2501 2639 2559 modo

481 2603 802 2678 probamus
847 2601 1077 2663 Pauwii
1139 2605 1545 2679 conjecturam
1608 2603 1823 2670 ποινᾶς
1884 2601 2017 2680 (pro
2064 2596 2304 2682 ποινάς)
2364 2606 2438 2661 ab
2484 2604 2639 2663 Her-

482 2722 700 2762 manno
760 2709 1089 2782 receptam,
1150 2711 1219 2764 ut
1264 2706 1449 2766 verba
1509 2705 1633 2764 sint
1690 2704 2122 2780 intellegenda:
2184 2696 2259 2764 δι’
2304 2699 2492 2786 ὀργῆν
2535 2707 2641 2782 τῆς

483 2807 697 2881 ποινῆς
727 2797 1044 2884 ἆρπαλίσαι
1076 2801 1440 2881 ἀντιφόνους
1470 2798 1620 2876 ἅτας
1641 2801 1885 2884 πόλεως,
1916 2810 2262 2883 genetivum
2290 2809 2396 2885 τῆς
2425 2809 2642 2884 ποινῆς

480 2912 679 2969 facere
722 2930 845 2969 non
888 2930 1202 2988 possumus
1248 2910 1395 2990 quin
1443 2910 1843 2989 subjectivum
1890 2917 2218 2972 statuamus
2262 2914 2397 2986 „ob
2456 2912 2637 2974 iram

482 3032 697 3094 quam
741 3014 897 3073 fert
940 3013 1199 3074 ultio“.

653 3116 944 3177 Similiter
986 3121 1098 3193 Ag.
1151 3122 1346 3179 1359:
1391 3103 1569 3189 οὗτός
1615 3115 1770 3178 ἐστιν
1811 3109 2209 3196 Ἀγαμέμνων,
2256 3109 2398 3191 ἐμός
2440 3108 2636 3185 πόσις,

482 3212 692 3300 νεκρός
737 3215 801 3281 δὲ
844 3220 1020 3297 τῆσδε
1062 3219 1260 3293 δεξιᾶς
1300 3214 1492 3300 χερός,
1552 3218 1724 3301 ἔργον
1759 3219 1994 3290 δικαίας
2036 3216 2310 3289 τέκτονος
2353 3240 2460 3279 suo
2499 3221 2637 3295 jure

479 3322 894 3385 Kirohhoffius
957 3324 1404 3385 distinctionem
1448 3330 1587 3402 post
1629 3318 1798 3405 χερός
1840 3327 1914 3385 ab
1960 3323 2295 3385 Abreschio
2343 3324 2637 3383 sublatam

481 3426 764 3485 restituit.
833 3429 1106 3506 Namque
1137 3428 1253 3486 duo
1299 3432 1442 3487 sunt
1486 3428 1843 3489 nominativi
1890 3421 2102 3505 νεκρός
2145 3433 2205 3487 et
2249 3422 2446 3506 ἔργον,
2493 3447 2637 3506 quo-

478 3548 612 3587 rum
656 3533 909 3609 uterque
955 3549 1126 3588 suum
1187 3530 1302 3589 sibi
1347 3531 1535 3590 habet
1578 3532 1875 3591 adnexum
1920 3532 2283 3606 genetivum.
2372 3531 2445 3589 In
2491 3530 2638 3607 ipsis

476 3631 600 3690 illis
646 3632 1034 3692 nominativis
1078 3634 1341 3710 positum
1387 3622 1478 3692 est
1522 3636 1708 3694 robur
1753 3635 2050 3713 quoddam
2096 3633 2413 3705 orationis,
2478 3632 2634 3711 quod

481 3741 681 3793 tamen
726 3736 801 3793 ab
849 3736 1178 3795 Abreschio
1225 3738 1398 3797 foede
1445 3737 1696 3796 deletur.
1741 3773 1825 3783 —
1869 3738 1949 3796 Et
1993 3738 2279 3813 profecto,
2344 3723 2500 3814 {uod
2546 3739 2635 3793 at-

479 3837 637 3896 tinet
678 3838 752 3896 ad
798 3829 1173 3912 structuram,
1225 3839 1550 3917 persimilis
1595 3846 1685 3899 est
1729 3839 1912 3900 dictio
1958 3837 2291 3915 Sophoclea
2335 3838 2429 3898 Ai.
2478 3843 2635 3895 309:

481 3934 544 3998 ἐν
590 3931 640 3996 δ’
685 3935 968 4020 ἐρειπίοις
1010 3942 1239 4022 νεκρῶν
1285 3938 1591 4023 ἐρειφθεὶς
1635 3937 1877 4023 ἆρνείου
1921 3935 2134 4016 φόνου.
