3017 4759
1170 324 1597 390 *53*

1143 511 1614 568 corollarium.

476 622 575 679 Ad
615 622 797 678 finem
843 619 1360 679 commentationis
1404 624 1645 679 nostrae
1689 621 1763 679 de
1812 641 1927 678 usu
1970 619 2241 694 genetivi
2285 619 2457 678 attri-

302 722 505 783 butivi
551 724 709 799 apud
737 723 1109 800 Aeschylum
1144 720 1549 799 pervenimus.
1638 720 2042 800 Quaecunque
2086 723 2202 781 hoc
2244 721 2312 780 in
2355 743 2455 797 ge-

298 846 448 885 nere
491 825 708 902 idonea
750 825 925 884 nobis
970 845 1099 883 esse
1144 824 1506 885 videbantur
1525 871 1539 897 ,
1598 825 1933 884 studuimus
1978 826 2305 902 explanare
2347 846 2454 890 ex-

301 933 627 1007 cutereque
672 948 780 1005 pro
825 919 939 985 hac
969 928 1138 985 tenui
1184 932 1246 985 et
1272 927 1514 985 infirma
1553 931 1741 1004 parte.
1831 929 2187 1006 Supremum
2232 932 2341 1000 est,
2385 932 2457 986 ut

296 1051 399 1089 res
430 1031 583 1088 duae
630 1031 799 1109 quasi
831 1035 1116 1089 externae
1135 1076 1150 1102 ,
1196 1050 1349 1108 quae
1394 1031 1542 1090 adeo
1586 1051 1709 1089 non
1744 1030 1921 1108 parvi
1966 1034 2107 1089 sunt
2148 1031 2457 1103 momenti,

297 1139 371 1192 ut
399 1132 724 1210 multiplex
768 1153 965 1212 neque
995 1132 1322 1209 injucunda
1358 1132 1532 1210 copia
1567 1133 1741 1192 nobis
1773 1138 2055 1210 suppetat
2097 1135 2171 1193 (16
2212 1133 2290 1192 116
2333 1133 2454 1192 dis·

298 1223 558 1307 serendi,
605 1240 899 1296 vocentur
931 1235 997 1293 in
1029 1234 1547 1312 disceptationem.
1636 1235 1907 1294 Primum
1938 1236 2117 1309 enim,
2163 1257 2453 1315 quaeren-
2565 1284 2570 1288 .

297 1340 442 1397 dum
488 1338 606 1397 erit
660 1340 747 1397 de
793 1337 1095 1398 ratione
1154 1359 1301 1417 qua
1358 1339 1503 1397 duo
1565 1332 1695 1398 vel
1753 1340 2027 1417 plures
2085 1339 2451 1414 genetivi

296 1442 429 1502 uni
460 1441 756 1501 nomini
788 1445 1319 1519 apponuntur,
1363 1440 1581 1500 deinde
1612 1442 1701 1499 de
1730 1440 2226 1517 trajectione,
2272 1462 2452 1520 quam

296 1545 541 1618 dicunt,
586 1543 1187 1621 adjectivorum.

1303 1677 1440 1758 §1-

471 1801 897 1866 Quaestionem
942 1802 1015 1860 (16
1063 1801 1318 1860 duorum
1378 1801 1482 1861 vel
1525 1800 1792 1878 plurium
1838 1801 2258 1875 genetivorum
2316 1823 2450 1862 cum

292 1884 417 1965 uno
477 1904 720 1964 nomine
773 1905 1217 1980 jungendorum
1277 1903 1513 1962 ratione
1570 1904 1718 1963 licet
1776 1905 2269 1965 adumbraverint
2326 1906 2450 1967 viri

293 2007 458 2068 docti
492 2006 786 2084 (Mathiae
818 2006 917 2065 Gr.
953 2006 1053 2065 Gr.
1103 2005 1156 2083 ξ.
1194 2011 1335 2064 380.
1424 2008 1647 2065 Β611111.
1681 2007 1851 2084 Synt.
1899 2029 1955 2084 p.
1998 2013 2133 2066 162.
2221 2008 2447 2084 Krueg.

250 2171 257 2184 ,
293 2113 346 2183 Ι,
395 2110 494 2182 47,
542 2116 598 2182 9,
646 2110 708 2188 6)
755 2110 856 2169 161
901 2109 1182 2169 subtilius
1228 2108 1538 2188 aliquanto
1581 2109 2092 2184 investigaverint
2134 2112 2307 2171 Lob.
2353 2113 2445 2170 ad.

293 2215 393 2273 Ai.
441 2236 500 2275 v.
529 2218 604 2272 53
639 2218 700 2272 et
732 2219 872 2285 309,
905 2215 1071 2289 cujus
1115 2213 1189 2271 de
1224 2215 1339 2272 hac
1380 2233 1451 2271 re
1485 2214 1935 2273 observationes
1964 2213 2262 2274 videndae
2308 2218 2450 2272 sunt

298 2317 461 2394 siqui
503 2318 712 2376 volent
763 2316 972 2374 rimari
1018 2315 1323 2393 subtilius)
1370 2320 1599 2389 tamen,
1656 2318 1816 2396 quod.
1857 2338 1935 2375 ne
1977 2316 2157 2376 unius
2204 2316 2446 2396 quidem

300 2419 605 2495 scriptoris
649 2419 848 2494 graeci
891 2419 958 2476 in
1003 2439 1071 2478 eo
1119 2439 1337 2494 genere
1380 2440 1556 2478 usum
1594 2420 1910 2499 quisquam
1941 2420 2266 2495 diligenter
2309 2441 2445 2498 per-

299 2522 607 2596 tractavit,
652 2522 992 2581 mirandum
1038 2527 1145 2581 est.
1207 2556 1290 2565 --
1349 2521 1732 2601 Quapropter
1776 2543 1954 2603 quam
2000 2524 2445 2585 accuratissime

290 2624 358 2683 in
402 2627 803 2703 Aeschyleam
862 2625 1159 2684 rationem
1202 2625 1512 2704 inquirere
1558 2647 1775 2704 operae
1832 2647 1960 2686 esse
2005 2628 2269 2705 pretium
2315 2629 2443 2688 exi-

291 2727 552 2788 stimavi.
643 2727 775 2792 Qua
832 2728 898 2786 in
956 2748 1022 2787 re
1068 2750 1213 2787 num
1257 2750 1364 2803 ego
1412 2730 1558 2809 quid
1599 2735 1763 2789 recte
1809 2731 2223 2809 exposuerim,
2282 2732 2442 2809 judi-

291 2836 445 2890 cent'
473 2830 732 2905 benigne
776 2830 896 2890 viri
940 2851 1140 2889 rerum
1187 2832 1708 2905 grammaticarum
1753 2834 1955 2912 periti.

463 2956 514 2992 a.
564 2933 938 2993 Genetivi
991 2933 1080 2991 ita
1138 2938 1278 2992 sunt
1321 2936 1589 3011 adjuncti
1642 2937 1907 3009 nomini,
1971 2941 2042 2996 ut
2085 2939 2291 2998 alter
2334 2938 2443 2997 sit

289 3042 520 3115 aptus
567 3038 653 3095 ab
699 3037 974 3095 altero·
1420 3038 1425 3044 '

463 3140 525 3216 α)
573 3137 932 3212 0666111116,
980 3138 1084 3218 qui
1131 3159 1454 3217 suspensus
1500 3145 1593 3200 est
1637 3143 1710 3200 ab
1752 3141 1884 3219 ipso
1927 3141 2172 3201 nomine
2215 3142 2441 3220 princi-

288 3244 446 3322 pali,
518 3246 604 3302 ob
616 3242 964 3320 jectivus
1034 3247 1154 3302 est:
1243 3244 1348 3302 011.
1400 3248 1551 3303 256:
1621 3244 1878 3322 σωτῆρες
1938 3240 2134 3313 ἑστίας
2197 3238 2438 3322 πατρός.

198 3325 209 3432 ἶ
286 3350 454 3406 Pers,
494 3345 646 3404 157:
703 3346 856 3403 θεοῦ
901 3339 1005 3418 μὲν
1049 3338 1358 3424 εὐνήτειρα
1411 3346 1679 3424 Περσῶν.
1771 3346 1931 3425 Sept.
1971 3350 2122 3407 163:
2183 3340 2441 3421 φιλοθύ-

285 3470 408 3508 των
438 3444 505 3507 δέ
536 3468 628 3506 τοι
656 3440 866 3516 πόλεος
896 3440 1113 3526 ὀργίων
1150 3444 1161 3530 Ι
1200 3442 1527 3528 μνήστορες
1556 3446 1682 3508 ἔστε
1711 3470 1830 3525 μοι.
1920 3450 2003 3511 ib.
2038 3455 2195 3510 990:
2242 3444 2439 3527 δήμου

285 3543 654 3628 προβούλοις
711 3548 882 3626 τῆςδε
928 3547 1232 3626 Καδμείας
1274 3544 1516 3621 πόλεως.
1605 3555 1779 3612 Ε11111.
1812 3558 1963 3613 445:
2025 3552 2273 3631 αἵματος
2333 3577 2437 3614 κα-

285 3653 548 3734 θαρσίου
586 3651 596 3735 Ι
635 3652 862 3734 σφαγαὶ
920 3691 1007 3700 ——
1063 3649 1365 3732 νεοθήλου
1427 3654 1632 3732 βοτοῦ.
1722 3660 1824 3717 Pr.
1874 3663 2032 3718 893:
2091 3692 2175 3703 —-
2230 3654 2438 3735 λεχέων

287 3751 438 3827 Διός
470 3749 823 3834 εὖνάτειραν.
914 3759 1028 3817 Η16
1074 3780 1222 3838 quos
1267 3761 1443 3837 posui
1485 3760 1635 3820 locis
1678 3761 1997 3836 genetivus
2040 3762 2435 3840 possessivus,

238 3893 241 3896 ·
284 3867 356 3921 ut
384 3861 580 3940 poscit
606 3860 848 3935 linguae
884 3866 1116 3935 natura,
1165 3863 1437 3942 sequitur
1466 3864 1815 3938 genetivum
1846 3865 2230 3942 objectivum.
2307 3866 2437 3924 Nec

285 3970 487 4024 tamen
531 3983 666 4022 raro
713 3984 845 4038 gen.
892 3984 1047 4041 poss,
1094 3965 1433 4042 praecedit,
1481 3966 1869 4045 subsequitur
1910 3988 2043 4042 gen.
2078 3969 2223 4043 obj.:
2270 3968 2433 4047 Sept.

288 4073 440 4126 999:
486 4101 571 4110 —
603 4061 977 4142 ἀναστατῆρα
1010 4064 1329 4143 Καδμείων
1357 4060 1596 4142 χθονός.
1670 4068 1804 4148 (011.
1838 4072 1992 4128 498:
2036 4066 2260 4150 τίμημα
2290 4063 2431 4145 τύμ·

282 4168 400 4246 βου
437 4171 542 4247 τῆς
576 4162 953 4245 ἀνοιμώκτου
983 4164 1162 4248 τύχης
1179 4170 1228 4249 ἓ)
1313 4171 1396 4230 ib.
1433 4171 1587 4231 740:
1633 4174 1971 4247 ψευσθεῖσα
2001 4170 2219 4242 παιδός
2246 4188 2433 4253 σπαρ-

283 4265 485 4353 γάνων
527 4266 941 4353 φαιδρύντρια.
