3017 4759
1251 309 1676 374 -65-

383 459 915 546 μειλικτήριος
961 466 1058 546 (cf.
1104 487 1160 544 p.
1196 464 1321 542 31).
1410 468 1577 525 Pers.
1625 471 1780 526 608:
1840 457 1991 545 ὅπερ
2046 468 2303 545 νεκροῖσι
2360 469 2535 544 μειλι-

379 562 610 648 κτήρια.
700 571 840 631 ‘vide
888 571 1070 629 etiam
1115 570 1220 630 Oh.
1276 573 1380 627 15:
1425 565 1717 647 νερτέροις
1759 558 2118 647 μειλίγματα.

552 673 881 734 6000ήίνο8
928 671 1226 732 omittitur
1271 673 1381 745 Ag.
1419 676 1561 730 624.
1610 672 1717 730 ch.
1754 676 1894 729 492.
1940 673 2110 730 Eum.
2147 671 2287 731 767.
2334 670 2539 749 Suppl.

383 780 524 834 203.
569 775 650 834 ib.
686 779 826 848 391,
861 779 1001 835 402.
1032 809 1116 819 --
1149 775 1222 834 de‘
1255 774 1460 851 Suppl.
1496 774 1651 834 735:
1694 764 2036 849 πεισμάτων
2066 765 2328 852 σωτήρια
2360 793 2540 853 quae-

382 877 629 939 sivimus
675 897 855 956 supra
898 896 1035 955 pag.
1069 882 1148 936 49
1198 897 1364 957 seqq.

555 978 619 1058 4)
661 972 1140 1060 ζευκτήριος.
1230 980 1396 1038 Pers.
1447 979 1601 1038 727:
1661 973 1929 1056 γέφυραν
1988 979 2123 1055 γαῖν
2182 975 2359 1036 δυαῖν
2418 979 2541 1049 ζευ-

381 1080 644 1160 κτηρίαν.
736 1083 935 1142 Schol.
981 1084 1100 1142 M.:
1159 1073 1264 1140 τόν
1317 1072 1750 1158 Ἑλλήσποντον
1806 1071 1886 1148 ὃς
1942 1073 2286 1157 ζεύγνυσιν
2342 1071 2544 1138 Ἀσίαν

383 1179 485 1241 καὶ
516 1175 846 1260 Εὐρώπην.
881 1217 964 1228 -
1007 1187 1120 1259 frg.
1156 1189 1311 1244 350:
1359 1175 1544 1263 πάτερ
1581 1177 1807 1253 Θέοινε,
1854 1174 2196 1240 Μαινάδων
2228 1174 2542 1260 ζευκτήριε.

561 1285 623 1362 5)
670 1276 1174 1366 ἀλεξητήριος
1219 1285 1319 1364 (cf.
1351 1286 1567 1344 Blomf.
1619 1285 1798 1360 gloss.
1843 1284 1919 1342 ad
1962 1284 2128 1360 Sept.
2174 1305 2220 1343 s.
2251 1285 2335 1363 v.)
2380 1287 2541 1363 Sept.

391 1393 457 1446 8:
521 1382 889 1465 οἰμώγμασίν
944 1381 1008 1447 θ’
1069 1376 1155 1447 ὧν
1218 1380 1372 1459 Ζευς
1430 1380 1805 1466 ἀλεξητήριος
1849 1382 1873 1469 ΙΙ
1922 1380 2238 1464 ἐπώνυμος
2296 1383 2542 1466 γένοιτο.

388 1487 709 1566 Καδμείων
754 1483 950 1550 πόλει.·
995 1492 1068 1551 de
1113 1491 1313 1552 dativo
1358 1512 1415 1551 v.
1461 1489 1664 1567 paullo
1708 1491 1888 1549 infra.

560 1591 624 1669 6)
668 1585 1202 1672 βουλευτήριος.
1287 1594 1450 1671 Sept.
1486 1597 1639 1652 558:
1684 1593 1888 1651 κακῶν
1930 1583 1978 1649 τ’
2017 1583 2319 1674 Ἀδράστῳ
2365 1590 2550 1651 τῶνδε

383 1678 848 1773 βουλευτήριον.“
913 1694 1151 1755 dativus
1194 1687 1495 1777 Ἀδράστῳ
1541 1695 1720 1771 plane
1766 1695 1972 1755 eadem
2025 1694 2261 1754 ratione
2307 1695 2544 1774 apposi-

308 1874 314 1879 Δ
382 1802 481 1855 tus
527 1800 616 1855 est
661 1801 840 1877 atque
884 1798 983 1856 Pr.
1018 1802 1172 1858 611:
1217 1789 1413 1876 πυρὸς
1457 1799 1700 1878 βροτοῖς
1746 1788 1946 1876 δοτῆρ’
1991 1788 2138 1875 ὁρᾶς
2182 1794 2546 1877 Προμηθέα,

385 1918 582 1979 neque
630 1898 917 1958 dissimile
963 1907 1054 1958 est
1099 1901 1255 1979 quod
1295 1902 1421 1976 jam
1464 1899 1927 1961 memoravimus
1971 1901 2133 1980 Sept.
2184 1906 2237 1959 8.
2328 1903 2402 1961 cf.
2448 1903 2546 1961 Pr.

387 2007 510 2061 466
560 2000 719 2080 (pag.
769 2000 876 2078 67)
920 2003 1092 2061 Eum.
1142 2008 1239 2061 63.

563 2095 626 2182 7')
673 2097 1063 2182 δατήριος.
1174 2104 1336 2181 Sept.
1387 2111 1541 2164 694:
1608 2096 1814 2178 ὄψεις,
1882 2097 2177 2186 πατρῴων
2235 2097 2550 2181 χρημάτων

388 2199 678 2286 δατήριοι.
752 2206 949 2267 Schol.
981 2208 1094 2267 M.:
1141 2206 1422 2287 μερισταί.
1512 2210 1585 2266 cf.
1631 2208 1712 2267 ib.
1751 2213 1905 2267 920:
1957 2197 2176 2286 πικρός
2219 2201 2282 2264 δὲ
2325 2199 2549 2285 χρημά-

387 2330 505 2370 των
543 2306 554 2391 Ι
593 2302 781 2379 κακός
822 2301 1079 2385 δατητᾶς
1107 2301 1311 2389 ”Αρης.
1398 2310 1480 2370 ib.
1516 2311 1671 2370 712:
1714 2302 1982 2369 κτεάνων
2025 2307 2494 2387 χρηματοδαίτας
2537 2308 2545 2391 Ι

389 2405 625 2491 πικρός,
671 2405 998 2492 εὗμόφρων
1042 2409 1304 2491 σίδαρος.
2437 2488 2445 2495 ι

566 2516 628 2594 8)
673 2508 1198 2593 λυμαντήριος.
1291 2516 1396 2575 Oh.
1448 2515 1602 2574 745:
1649 2511 1849 2591 στείχω
1897 2505 1949 2572 δ’
1994 2506 2085 2572 ἐπ’
2129 2504 2322 2593 ἄνδρα
2365 2513 2549 2575 τῶνδε

390 2610 794 2696 λυμαντήριον
832 2613 842 2698 Ι
882 2615 1079 2677 οἴκων.
1169 2620 1292 2692 Ag.
1348 2622 1579 2676 1392:
1639 2619 1824 2674 κεῖται
1881 2609 2162 2695 γυναικός
2221 2615 2398 2692 τῆσδε
2450 2621 2550 2676 λυ-

394 2714 745 2799 μαντήριος,
805 2741 921 2801 quo
967 2721 1040 2778 de
1084 2720 1215 2779 loco
1261 2718 1453 2781 fusius
1500 2719 1617 2778 erit
1661 2719 1975 2794 agendum.
2063 2720 2550 2780 Hermannus

398 2823 554 2881 enim
599 2842 954 2903 quamquam
1001 2821 1234 2882 censuit
1267 2821 1635 2898 Aeschylum
1676 2814 1978 2900 λυμαντήρ
2024 2815 2109 2881 ὅδ
2123 2841 2149 2880 ε
2192 2823 2292 2884 vel
2333 2825 2551 2899 λυμαν-

396 2917 505 3003 τήρ
551 2917 815 3003 νεκρός
856 2925 1044 2984 fuisse
1089 2923 1405 2995 dicturum,
1452 2923 1747 2983 excidisse
1792 2929 1994 2984 tamen
2039 2929 2179 2984 ante
2222 2926 2385 2985 hunc
2415 2946 2551 2988 ver-

399 3047 526 3088 sum
571 3033 674 3087 aut
714 3033 854 3106 post
899 3047 1031 3086 eum
1077 3027 1258 3085 alium
1291 3045 1550 3099 versum,
1595 3026 1660 3084 in
1707 3047 1825 3106 quo
1862 3047 2081 3087 nomen
2127 3027 2368 3108 aliquod
2413 3031 2550 3088 sub-

395 3130 724 3192 stantivum
767 3130 997 3203 fuisset,
1042 3128 1256 3189 maluit
1300 3132 1589 3198 statuam
1639 3148 1824 3209 quare
1866 3130 2044 3189 istam
2087 3130 2361 3189 lacunam
2398 3131 2550 3204 loco,

397 3255 573 3317 quem
624 3236 751 3311 jam
807 3233 1142 3311 posuimus,
1205 3231 1421 3291 collato
1468 3233 1574 3292 ch.
1624 3231 1776 3306 745,
1838 3233 2108 3312 explevit
2162 3233 2277 3294 ita:
2343 3236 2550 3307 κεῖται,

394 3330 680 3417 γυναικός
720 3334 898 3411 τῆσδε
940 3329 1334 3414 λυμαντήριος
1379 3326 1553 3413 ἀνήρ,
1623 3328 1929 3414 θυγατρός
1973 3337 2081 3412 τῆς
2139 3332 2288 3413 ἐμῆς
2331 3329 2552 3411 φονεῦς

396 3433 515 3499 ὅδε.
583 3441 714 3514 Ego
761 3439 1000 3519 quidem
1042 3440 1236 3500 habeo
1282 3438 1802 3516 persuasissimum
1830 3459 2026 3519 neque
2057 3440 2351 3500 excidisse
2384 3441 2555 3521 quid·

398 3562 575 3623 quam
619 3562 815 3622 neque
859 3535 961 3602 ὅδε
1005 3543 1132 3604 sive
1172 3536 1323 3621 ἀνήρ
1370 3542 1681 3620 scripsisse
1711 3548 1969 3621 poetam.
2034 3543 2239 3602 Nolim
2267 3543 2364 3606 vir
2395 3564 2551 3603 sum-

396 3665 527 3704 mus
587 3645 955 3720 confugissefi
1010 3646 1086 3704 ad
1142 3645 1419 3705 lacunam
1472 3645 1640 3704 illam
1684 3645 2167 3720 intelligendam,
2229 3667 2412 3727 quum
2454 3668 2552 3707 res

398 3752 557 3808 esset
600 3748 993 3825 apertissima.
1066 3749 1428 3825 Subjootum‚
1472 3753 1543 3807 ut
1586 3747 1779 3808 dicam
1824 3752 1983 3830 quod
2028 3749 2238 3822 sentio,
2284 3750 2446 3808 inesss
2485 3749 2551 3808 in

398 3850 586 3910 verbo
631 3851 816 3907 κεῖται
860 3849 1071 3927 (Recte
1128 3849 1316 3924 igitur
1356 3852 1633 3925 Engerus
1671 3852 1808 3924 '‚‚da
1860 3852 2012 3926 liegfi
2070 3871 2175 3924 er,
2235 3852 2343 3910 der
2384 3850 2552 3930 -—“).

401 3951 657 4011 Confero
718 3970 859 4026 ego,
919 3956 990 4011 ut
1046 3951 1406 4011 sententiam
1447 3972 1639 4013 meam
1685 3954 2000 4014 defendam
2043 3956 2144 4015 Pr.
2196 3957 2389 4029 10503
2448 3957 2554 4015 ubi

400 4054 703 4115 simillimo
768 4054 943 4141 modo
1010 4055 1343 4132 subjectum
1411 4055 1493 4135 (v.
1552 4056 1779 4116 Weckl.
1848 4057 1982 4116 adn.
2041 4076 2093 4117 a.
2137 4057 2201 4116 h.
2245 4056 2313 4135 l.)
2377 4062 2557 4136 ‚‚er“

400 4158 781 4233 cogitandum
826 4162 918 4217 est
960 4159 1031 4217 ad
1079 4155 1276 4238 ῥίψειε
1306 4162 1368 4217 et
1403 4152 1740 4218 θανατώσει
1784 4180 1861 4218 ex
1892 4179 2056 4219 nexu
2101 4160 2553 4220 sententiarum.

2106 4268 2139 4320 5
