3017 4759
1188 282 1272 292 —
1365 244 1660 311 105—

522 399 851 462 Genetivus
894 401 1267 480 pronominis
1297 401 1631 482 personalis
1663 402 1935 464 cernitur
1961 403 2135 463 Eum.
2173 403 2291 464 877
2309 427 2323 464 3
2370 396 2509 463 ἄνευ

345 496 543 562 σέθεν.
630 501 836 582 Suppl.
887 504 1042 565 7863
1098 504 1154 564 τί
1199 497 1250 564 δ’
1296 497 1438 564 ἄνευ
1482 501 1664 565 σέθεν
1701 503 1714 590 Ι
1752 509 2028 566 θνατοῖσι
2073 499 2290 566 τέλειόν
2336 503 2508 567 ἔστιν.

518 606 829 685 Superest,
875 612 944 667 ut
984 608 1178 683 locos,
1228 609 1443 689 quibus
1489 608 1806 684 genetivus
1850 609 1940 670 rei
1987 609 2278 684 occurrit,
2324 629 2511 687 pona-

345 730 510 769 mus:
563 710 726 787 Sept.
775 715 928 772 3823
982 703 1122 771 ἅνεν
1166 705 1362 791 δορός.
1451 713 1620 773 Pers.
1673 717 1826 773 196:
1884 704 2026 772 ἄνευ
2070 714 2339 790 χαλινῶν.
2427 714 2510 774 ib.

349 817 507 874 6053
569 804 711 871 ὅὲνευ
755 803 803 870 τ’
848 804 1162 891 ὀχημάτων
1215 809 1224 895 Ι
1278 813 1479 892 χλιδῆς
1535 835 1594 874 τε
1638 816 1744 892 τῆς
1788 807 2103 895 πάροιθεν.
2193 819 2305 891 Ag.
2356 820 2511 876 198:

345 913 406 974 τί
463 906 637 974 τῶνδ’
694 906 839 975 ἅνευ
896 916 1132 990 aaudiat,-
1192 917 1272 977 ib.
1322 921 1477 978 444:
1541 909 1685 978 ἄνευ
1746 916 1933 989 δίκας.
2020 919 2102 978 ib.
2155 918 2308 979 7973
2367 910 2510 976 ἄνευ

348 1012 614 1094 φθόνου.
701 1019 784 1079 ib.
832 1025 988 1080 8983
1047 1014 1192 1081 ἄνευ
1249 1015 1469 1098 φόβου.
1556 1020 1638 1082 ib.
1687 1026 1845 1082 9513
1908 1013 2052 1081 ἄνευ
2112 1013 2313 1101 λύρας.
2404 1021 2511 1081 ch.

349 1127 509 1181 4203
569 1111 717 1181 ἄνευ
777 1114 1200 1200 πενθημάτων.
1287 1124 1369 1184 ib.
1424 1128 1622 1185 10243
1680 1116 1796 1184 οὐκ
1855 1115 2000 1183 ἄνευ
2062 1122 2251 1200 δίκης.
2338 1124 2510 1184 Eum.

350 1228 510 1284 2853
555 1216 699 1283 ἄνευ
743 1219 938 1304 δορός.
1025 1226 1105 1285 ib.
1144 1231 1298 1289 544:
1343 1217 1487 1285 ἄνευ
1535 1224 1722 1304 δίκης.
1810 1226 2017 1306 Suppl.
2052 1230 2205 1288 425:
2252 1216 2396 1284 ἄνευ
2433 1258 2511 1269 ——

351 1322 563 1404 λύπης.

1360 1515 1495 1596 §2-

522 1634 683 1694 Satis
711 1652 888 1712 saepe
919 1635 1298 1698 adverbia
1339 1637 1496 1697 loci
1531 1656 1665 1697 cum
1694 1638 1994 1713 genetivo,
2043 1637 2146 1717 qui
2178 1637 2512 1697 censendus

349 1744 444 1799 est
485 1739 954 1817 partitivus,
1000 1740 1297 1801 construit
1339 1740 1695 1820 Aeschylus.

522 1843 667 1900 ποῖ.
756 1841 962 1919 Suppl.
1012 1841 1164 1902 743:
1212 1845 1325 1901 ποῖ
1363 1836 1650 1921 φύγωμεν
1692 1834 1916 1915 Ἀπίας,
1944 1836 2201 1920 χθονόςς

521 1936 559 2002 δ’
571 1962 716 2004 ποι.
805 1945 987 2004 Pron.
1038 1949 1192 2004 558:
1242 1937 1509 2022 σήμηνον
1554 1939 1696 2005 ὅποι
1735 1941 1746 2028 1
1786 1947 1895 2025 γῆς
1938 1937 1980 2023 ἦ
2023 1938 2248 2026 μογερὰ
2291 1938 2515 2005 πεπλά-

344 2069 550 2128 νημαι.
639 2049 720 2106 Μ.
769 2052 830 2107 et
874 2047 941 2108 G.
989 2039 1162 2121 ὅποι,
1226 2049 1411 2107 ceteri
1457 2040 1597 2125 ὅπη.
1688 2049 1915 2111 Verum
1974 2053 2065 2108 est
2121 2041 2292 2125 ὅποι,
2355 2049 2554 2128 quod·

349 2150 617 2214 servavit
656 2149 1072 2210 Kirchhoffius
1118 2149 1218 2227 (cf.
1264 2151 1527 2211 Ellendt.
1573 2151 1693 2211 lex.
1738 2151 1923 2230 Soph.
1970 2172 2016 2211 s.
2064 2153 2165 2231 v.).

269 2264 275 2269 '
524 2253 688 2312 ποῦ.
776 2253 942 2313 Pers.
983 2257 1140 2313 231:
1185 2253 1306 2311 ποῦ
1350 2246 1456 2323 τὰς
1498 2243 1764 2330 Ἀθήνας
1809 2249 1994 2328 φασὶν
2037 2249 2325 2332 ἱδρῦσθαι
2367 2255 2514 2330 χθο-

350 2349 474 2425 νός.
561 2355 722 2434 Sept.
771 2359 927 2416 9863
995 2347 1066 2413 tm*
1126 2355 1249 2415 ποῦ
1311 2370 1426 2430 σφε
1482 2347 1757 2434 θήσομεν
1813 2348 2060 2433 χθονός.
2149 2355 2350 2416 Schol.
2393 2357 2513 2415 M.:

352 2456 439 2530 εἰς
479 2461 657 2518 ποῖον
699 2458 805 2535 τῆς
846 2458 958 2539 γῆς
999 2450 1205 2518 τόπον.

525 2554 743 2621 ὅπου.
846 2562 1018 2621 Eum.
1067 2561 1226 2622 2973
1282 2595 1367 2607 -
1431 2553 1497 2621 τό
1560 2557 1783 2641 χαίρειν
1840 2553 1924 2639 μὴ
1984 2551 2255 2639 μαθόνθ’
2314 2553 2514 2620 ὅπου

353 2665 670 2746 φρενῶν.

524 2763 882 2827 ἐνταῦθα.
973 2768 1079 2827 ch.
1130 2771 1285 2828 884:
1344 2763 1613 2826 ἐνταῦθα
1670 2760 1782 2848 γὰρ
1844 2758 1919 2845 δὴ
1977 2758 2139 2827 τοῦδ’
2199 2757 2516 2842 ἀφικόμην

353 2871 691 2930 κακοῦ.1

525 2969 700 3056 τῇδε
760 2971 874 3031 hac
933 2971 1169 3032 ratione
1229 2991 1366 3031 cum
1425 2971 1706 3047 genetivo
1755 2973 2139 3048 conjunctum
2187 2991 2315 3031 esse
2358 2971 2517 3031 dixit

213 3032 243 3067 ·,
351 3074 780 3154 Bernhardyus
826 3073 1022 3153 (Synt.
1067 3095 1205 3154 pag.
1246 3073 1389 3152 157)
1435 3077 1608 3134 Eum.
1645 3074 1803 3134 8723
1848 3070 2030 3144 ἔξεστι
2075 3067 2186 3154 γάρ
2234 3089 2330 3132 σοι
2373 3070 2515 3148 τῆδε

351 3171 405 3258 γ’
437 3169 695 3256 ἆμοίρου
724 3170 951 3255 χθονός
988 3173 999 3258 Ι
1039 3168 1188 3236 εἶναι
1235 3175 1479 3246 δικαίως
1526 3173 1587 3246 ἐς
1630 3168 1696 3236 vti
1743 3178 1865 3235 πᾶν
1904 3171 2220 3260 τιμωμένῃ.
2287 3176 2513 3238 Verum

345 3284 475 3360 jam
517 3280 748 3359 pridem
779 3281 1089 3342 Dobraeus
1120 3278 1298 3357 τῆσδε
1327 3275 1575 3364 γαμόρῳ
1620 3300 1730 3358 pro
1777 3280 2105 3357 depravata
2147 3278 2255 3338 illa
2292 3278 2513 3338 codicis

351 3384 608 3444 Medicei
654 3385 953 3463 scriptura
998 3384 1238 3460 egregie
1283 3383 1567 3444 restituit.

525 3486 847 3548 Adverbiis
911 3486 1320 3565 temporis,
1384 3491 1454 3546 ut
1518 3485 1996 3564 praetermittam
2063 3478 2292 3544 εἰσόπιν
2355 3485 2514 3564 quod

354 3608 538 3665 supra
579 3609 714 3668 pag.
755 3594 891 3650 102.
967 3583 1415 3649 memorandum
1461 3610 1591 3649 esse
1635 3589 1862 3667 putavi,
1909 3591 1984 3650 ab
2027 3589 2329 3668 Aeschylo
2375 3608 2513 3646 nus-

357 3711 535 3771 quam
577 3693 918 3754 adnectitur
961 3694 1278 3768 genetivus
1323 3692 1717 3772 (partitivus).

1367 3880 1400 3960 S
1447 3887 1503 3940 3.

526 3999 897 4062 Adverbium
942 4001 1354 4081 qualitatis
1401 3995 1566 4071 ὅπως
1613 4004 1821 4060 contra
1862 3997 2167 4078 loquendi,
2197 4003 2515 4059 consuetu·
2595 3979 2604 3983 ⁹

354 4103 557 4164 dinem
599 4103 688 4163 ita.
732 4104 1107 4166 construitur
1151 4125 1287 4165 cum
1330 4105 1632 4183 genetiv0‚
1679 4109 1745 4164 ut
1791 4105 2040 4166 verbum
2073 4098 2220 4180 ἔχειν
2252 4102 2330 4184 (v.
2362 4103 2513 4166 Lob.
