3017 4759
60 13 679 334 Γ

558 1343 1017 1458 Quaestionum
1060 1376 1133 1434 de
1179 1394 1420 1434 casuum
1451 1375 1693 1454 syntaxi
1723 1375 2063 1454 Aeschylea
2091 1376 2206 1435 hoc
2237 1378 2536 1455 specimen

387 1478 643 1556 primum
692 1499 873 1568 quum
919 1480 1030 1537 sim
1076 1480 1354 1552 daturus,
1412 1478 1583 1537 doleo
1630 1499 1739 1553 ego
1784 1480 2174 1541 vehementer
2218 1481 2375 1559 quod
2421 1502 2541 1539 non

384 1583 637 1656 contigit
680 1583 829 1641 mihi
888 1587 955 1641 ut
1013 1582 1185 1640 simul
1249 1581 1585 1640 emitterem
1644 1582 1948 1642 elaborata
2008 1603 2158 1663 quae
2215 1583 2542 1661 conscripsi

382 1691 691 1763 praeterea
734 1687 807 1744 de
852 1685 1117 1760 genetivi
1162 1686 1297 1747 vice
1342 1685 1592 1747 ablativi
1636 1686 1946 1760 fungentis
2007 1706 2150 1758 usu,
2212 1689 2378 1764 cujus
2438 1709 2540 1747 ex-

382 1789 644 1848 cutiendi
691 1809 867 1849 causa
908 1789 1167 1866 amplam
1212 1808 1412 1849 rerum
1450 1789 1762 1849 materiam
1795 1790 2274 1870 uberrimamque
2307 1792 2540 1868 copiam

383 1911 811 1967 congesseram.

550 1997 667 2057 Sed
712 2016 788 2056 ne
833 2013 903 2054 ea
949 1995 1188 2076 quidem
1251 2014 1401 2074 quae
1446 1994 1563 2054 hoc
1619 1995 1825 2054 libello
1884 1996 2301 2069 continentur,
2363 1996 2540 2073 plane

381 2107 684 2176 spreturos
730 2119 859 2159 esse
902 2098 1051 2158 mihi
1097 2097 1427 2175 persuadeo
1487 2117 1589 2157 eos
1637 2099 1736 2177 qui
1787 2118 2030 2174 operam
2074 2105 2303 2157 navant
2357 2100 2541 2173 tragi-

380 2221 581 2262 corum
642 2222 990 2277 graecorum
1050 2200 1343 2279 principis
1407 2200 1627 2260 fabulis
1699 2201 2092 2279 explicandis.
2200 2201 2319 2261 Vix
2381 2202 2540 2262 enim

381 2305 696 2379 negaverit
727 2306 1060 2386 quisquam,
1107 2304 1157 2363 si
1193 2304 1326 2384 quis
1357 2304 1437 2363 sit
1466 2304 1736 2365 curiosus
1771 2304 1836 2362 in
1868 2303 2239 2383 exquirendo
2270 2306 2541 2383 Aeschy-

380 2408 494 2482 leo,
543 2410 700 2488 quod
743 2408 1041 2487 permulta
1070 2409 1292 2468 habeat
1336 2406 1560 2468 eximia
1605 2413 1666 2467 et
1708 2427 1953 2485 prorsus
1986 2407 2316 2482 singularia
2346 2409 2541 2468 adhuc

382 2511 683 2587 neglecta,
745 2532 964 2586 genere
1024 2511 1294 2584 dicendi,
1357 2531 1491 2571 eum
1551 2531 1673 2571 non
1734 2507 1968 2570 tantum
2023 2511 2297 2572 excolere
2351 2516 2539 2571 artem

382 2616 828 2689 grammaticam
872 2635 1081 2679 verum
1114 2614 1312 2687 etiam,
1357 2614 1499 2674 licet
1544 2615 1618 2674 ad
1649 2614 1885 2674 codices
1915 2615 2294 2691 potissimum
2327 2614 2542 2673 debeat

380 2718 576 2779 redire
621 2740 716 2779 res
762 2719 1000 2792 critica,
1063 2737 1269 2778 ansam
1314 2717 1577 2797 aliquam
1622 2719 1845 2778 habere
1899 2719 1973 2777 ad
2019 2718 2397 2795 reponendos
2441 2717 2539 2779 vel

381 2822 602 2881 rectius
645 2822 1131 2902 interpretandos
1176 2822 1339 2881 locos
1371 2821 1602 2895 dubios,
1648 2821 1751 2904 qui
1794 2822 1955 2881 haud
1999 2821 2087 2881 ita
2116 2821 2291 2899 pauci
2335 2821 2538 2895 legan-

383 2928 482 2982 tur
524 2927 678 3003 apud
723 2924 1106 3002 Aeschylum.
1152 2958 1236 2968 —-
1293 2924 1394 2984 Ita
1435 2924 1534 2985 vel
1579 2944 1688 2998 ego
1743 2924 1923 2984 initia
1979 2924 2128 2983 haec
2173 2943 2396 3001 ponere
2442 2942 2539 2982 co-

384 3032 558 3086 natus
619 3049 749 3088 sum
809 3027 1082 3107 syntaxis
1127 3026 1498 3105 Aeschyleae
1513 3071 1528 3099 ,
1594 3047 1775 3106 quum
1819 3028 2201 3105 praesertim,
2266 3028 2535 3107 quamvis

384 3130 462 3188 sit
501 3131 715 3206 ingens
758 3134 885 3192 fere
930 3148 1212 3189 numerus
1254 3128 1549 3187 librorum
1578 3140 1791 3205 poetae
1820 3127 2023 3189 verbis
2068 3128 2536 3207 interpretandis

338 3235 575 3296 ftexttu
620 3257 653 3294 e
693 3235 1063 3296 restituendo
1110 3231 1584 3304 inservientium,
1631 3231 1847 3291 mirum
1880 3250 2056 3311 quam
2087 3233 2263 3308 pauci
2294 3253 2536 3294 versen-

578 3255 1055 3412 &vestigando
1103 3357 1267 3397 more
1311 3335 1615 3416 loquendi.

555 3415 834 3501 Genetivi
875 3441 1066 3518 ipsius
1108 3460 1281 3499 usum
1325 3444 1395 3498 ut
1435 3453 1826 3519 persequerer
1871 3458 2053 3519 quum
2095 3439 2230 3517 plus
2274 3460 2396 3499 una
2437 3461 2530 3501 me

383 3544 771 3618 permovebat
830 3563 1006 3603 causa
1064 3547 1191 3602 tum
1237 3563 1307 3602 ea
1351 3542 1671 3620 praecipue
1719 3542 1875 3622 quod
1932 3549 2026 3602 sat
2067 3543 2283 3602 multas
2327 3564 2423 3603 res
2465 3545 2529 3603 in

68 3669 75 3790 1
382 3643 551 3703 illum
593 3647 950 3725 quadrantes
996 3646 1329 3706 accuratius
1361 3646 1670 3724 aliquanto
1701 3645 1848 3703 mihi
1881 3645 2090 3706 videor
2120 3647 2529 3725 explicavisse,

387 3765 532 3824 quas
563 3748 678 3808 viri
710 3750 1078 3824 grammatici
1127 3750 1199 3806 ad
1231 3751 1355 3828 lioc
1391 3753 1625 3825 tempus
1655 3748 1754 3809 vel
1796 3748 2011 3807 leviter
2042 3747 2532 3822 significaverunt

385 3850 482 3908 vel
526 3870 603 3908 ne
645 3851 1006 3927 primoribus
1055 3852 1309 3931 quidem,
1357 3858 1425 3909 ut
1469 3851 1708 3924 dicitur,
1753 3851 1937 3909 labris
1982 3852 2329 3924 attigerunt.

555 3954 625 4011 Id
685 3972 868 4028 agens
925 3954 1213 4026 maxime,
1274 3960 1342 4012 ut
1386 3953 1670 4032 Aeschyli
1727 3941 1900 4012 usum
1960 3972 2136 4032 quam
2193 3953 2530 4016 firmissime

388 4056 808 4117 constituerem
856 4057 1125 4137 quamvis
1162 4056 1598 4135 praetermissis
1629 4058 1807 4116 rebus
1838 4055 2185 4131 notissimis,
2231 4057 2302 4115 de
2332 4059 2530 4131 graeci

80 4155 119 4274 l}
388 4158 650 4231 genetivi
681 4160 741 4221 vi
773 4166 833 4220 et
864 4165 1092 4236 natura,
1140 4179 1290 4240 quae
1320 4164 1412 4219 tot
1455 4163 1772 4256 tantasque
1802 4158 2081 4217 habuerit
2111 4159 2528 4234 dubitationes,

82 4261 119 4308 52:
2089 4266 2117 4317 1

381 3343 483 3395 tur
525 3338 589 3394 in
