3017 4759
1328 303 1758 370 *30—

345 500 351 511 ‹
466 458 738 537 („amicis
802 479 926 518 non
997 458 1459 538 obsequentes“)
1527 456 1865 518 rectissime
1933 460 2054 517 huc
2113 458 2287 535 jubet
2353 460 2631 521 revocari

466 582 526 624 v.
561 565 702 622 665.
770 561 1148 621 Conferenda
1178 581 1288 637 ego
1322 580 1536 620 censeo
1569 581 1697 620 esse
1730 581 1915 640 quum
1947 581 2017 620 ea
2046 581 2199 640 quae
2232 560 2457 639 scripta
2488 565 2630 620 sunt

467 685 527 727 v.
563 669 717 723 695:
763 664 957 723 πιθοῦ
991 647 1280 742 γυναιξὶν,
1312 663 1524 742 καίπερ
1560 656 1633 722 οὗ
1668 658 1925 742 στέργων
1954 657 2119 740 ὅμως
2149 668 2214 723 et
2242 684 2394 743 quae
2426 667 2630 726 subse-

466 771 735 846 quuntur
776 771 908 826 tum
950 766 1148 843 ipsum
1198 770 1397 825 totum
1441 765 1709 825 Eteoclis
1752 764 2195 845 mulierumque
2240 766 2627 846 colloquium.

465 870 616 929 Cum
673 868 957 944 genetivo
1017 873 1321 947 postremo
1380 888 1504 927 non
1561 866 1921 928 insolentius
1982 868 2299 928 dumtaxat
2357 873 2627 928 constru-

467 976 629 1033 ctum
675 975 767 1031 est
800 971 1166 1047 adjectivum
1210 961 1461 1040 ἄπιστος
1505 990 1684 1051 quam
1732 990 1802 1029 ea
1845 989 1998 1049 quae
2036 971 2162 1046 jam
2205 970 2380 1032 nobis
2429 991 2491 1030 se
2537 971 2625 1029 of-

464 1075 701 1134 ferunt:

586 1173 590 1177 ’
639 1172 1077 1254 ἐπίρροθος
1120 1174 1519 1254 (Hesychiust
1588 1171 1952 1253 ἐπίρροθος·
2015 1166 2254 1253 ἰσχυρός
2298 1169 2628 1252 ἐπίκουρος

464 1270 742 1356 βοηθός).
832 1279 995 1357 Sept.
1029 1283 1186 1338 351:
1253 1272 1538 1357 νύκτερον
1582 1272 1744 1345 τέλος
1800 1278 1997 1352 μολεῖν
2033 1272 2043 1360 Ι
2085 1269 2478 1354 παγκλαύτων
2531 1267 2628 1336 ἆλ-

469 1380 615 1460 γίων
678 1377 1023 1459 ἐπίρροθον.
1110 1380 1468 1441 ’8611111ι211161
1530 1379 1914 1457 „spes-finem
1971 1378 2279 1440 flebilibus
2324 1378 2626 1439 aerumnis

464 1482 879 1561 impositura.“
965 1482 1381 1543 Hei-mannus:
1427 1483 1757 1559 „adjuvans
1803 1486 1983 1561 atque
2023 1502 2248 1557 augens
2289 1481 2626 1542 lacrimas“.

638 1578 960 1665 ἀρωγός.
1047 1586 1221 1645 Ε11111.
1254 1589 1410 1646 4821
1458 1577 1667 1664 ἀρωγοὶ
1710 1584 1818 1660 τῆς
1846 1582 2016 1660 δίκης
2049 1575 2385 1664 ὁρκώματα.
2461 1583 2627 1649 Quae

465 1692 657 1751 verba
699 1692 838 1766 apte
883 1709 918 1747 a
959 1688 1277 1767 Droyseno
1325 1691 1466 1747 sunt
1509 1706 1800 1747 conversa
1845 1684 2065 1761 ‚‚Eide,
2124 1707 2268 1748 61161·
2308 1688 2509 1746 Recht
2549 1705 2629 1744 zu

469 1794 767 1852 stiitzen“.
815 1791 1038 1851 confer.
1085 1789 1266 1867 Soph.
1312 1791 1407 1848 El.
1444 1793 1638 1848 13811
1686 1790 1861 1868 γενοῦ
1891 1780 2185 1868 πρόφρων
2216 1779 2361 1865 ἡμῖν
2390 1780 2629 1867 ἀρωγός

466 1890 654 1975 τῶνδε
708 1893 828 1950 τῶν
870 1885 1305 1968 βουλευμάτων.
1392 1891 1490 1951 Α1.
1533 1890 1690 1951 3571
1754 1887 1921 1970 γένος
1977 1890 2150 1960 ναΐας
2206 1884 2447 1971 ἀρωγόν
2505 1886 2627 1968 τέχ-

466 2017 588 2067 τας.
639 2031 720 2040 -
765 1993 1145 2057 Substantivi
1176 1999 1453 2054 naturam
1481 1992 1752 2054 induisse
1783 1996 1900 2054 hoc
1928 1994 2294 2070 adjectivum
2339 1994 2447 2053 ch.
2473 1997 2625 2052 3641

468 2100 588 2159 τῶν
629 2093 735 2175 μὲν
767 2092 991 2178 ἀρωγοὶ
1022 2090 1172 2156 κατὰ
1217 2096 1325 2176 γᾶς
1352 2089 1470 2175 ἤδη
1516 2097 1688 2157 testis
1735 2102 1829 2158 cst
1856 2096 2221 2158 Scholiaste's
2251 2099 2369 2156 M.:
2416 2088 2628 2172 ἡμῶν

466 2200 529 2262 οῖ
568 2194 863 2279 σύμμαχοι
907 2197 970 2260 οἰ
1019 2195 1154 2277 περὶ
1194 2190 1636 2279 Ἀγαμέμνονα,
1697 2219 2056 2279 quamquam
2112 2204 2355 2259 nostrae
2409 2198 2626 2258 aetatis

465 2305 829 2382 interpretes
861 2303 1040 2364 aliter
1070 2304 1328 2363 enodare
1356 2304 1557 2363 locum
1596 2304 1759 2363 hunc
1788 2302 2218 2363 difficillimum
2261 2323 2384 2363 non
2411 2302 2625 2379 ignoro

468 2409 553 2489 (v.
599 2407 873 2469 Schiitzii
917 2413 981 2468 ct
1021 2406 1315 2466 Klauseni
1360 2405 1823 2481 adnotationes).
1875 2386 1894 2405 ⁶

638 2511 834 2587 Hujus
880 2509 1117 2585 generis
1163 2508 1461 2586 adjectiva
1522 2529 1707 2588 quum
1751 2508 2101 2584 genetivum
2164 2508 2283 2570 sibi
2338 2509 2476 2569 addi
2519 2528 2626 2587 pa-

465 2614 699 2673 tiantur
712 2659 728 2687 ‚
787 2615 1101 2683 habemus¹
1139 2613 1299 2691 quod
1342 2612 1515 2692 sequi
1559 2610 1854 2690 possimus
1899 2613 1965 2672 in
2009 2611 2399 2673 describendo
2447 2630 2627 2686 gene-

466 2716 598 2779 tivo
655 2724 834 2795 quem
877 2713 1382 2793 deprehendimus
1427 2715 1536 2774 Oh.
1572 2720 1724 2775 6921
1790 2708 1910 2774 ἀλλ’
1967 2707 2101 2774 ἔσθ’
2155 2705 2191 2774 ὅ
2234 2707 2443 2795 καιρός
2487 2704 2625 2789 ἦμε-

470 2811 753 2896 ρεύοντας
806 2812 1010 2888 ξένους
1066 2817 1295 2895 μακρᾶς
1351 2809 1643 2876 κελεύθου
1703 2810 2011 2896 τυγχάνειν
2066 2809 2148 2875 τοὶ
2205 2809 2350 2896 πρό
2363 2832 2623 2894 σφορα.

467 2921 818 2981 Mirandum
864 2925 956 2980 est
1000 2920 1159 3001 quod
1216 2920 1495 2994 fuerunt,
1556 2919 1661 3000 qui
1716 2920 1892 2980 illum
1937 2925 2145 2998 aptum
2190 2941 2318 2980 esse
2364 2942 2440 2979 ex
2483 2908 2624 2995 ἦμε-

467 3016 748 3102 ρεύοντας
789 3022 1129 3113 firmissime
1175 3023 1604 3085 adseverarent
1647 3025 1821 3085 velut
1861 3024 2139 3083 Bernh.
2172 3023 2344 3101 Synt.
2387 3044 2445 3101 p.
2486 3024 2626 3080 145.

466 3127 694 3188 Verum
734 3126 895 3199 vidit
919 3125 1291 3188 Abreschius
1307 3172 1322 3200 ‚
1369 3127 1529 3207 quod
1559 3126 1743 3199 sciam
1760 3172 1774 3199 ‚
1823 3126 2086 3203 primus;
2132 3125 2237 3205 qui
2280 3125 2414 3204 pari
2457 3142 2629 3204 pror·

469 3251 568 3291 sus
625 3230 861 3298 ratione
908 3223 1262 3309 πρόσφορος
1323 3233 1734 3289 constructum
1791 3228 2033 3290 invenit
2092 3230 2237 3289 Eur.
2280 3229 2421 3287 Hel.
2470 3231 2625 3285 5081

467 3326 540 3392 τοὶ
585 3325 906 3412 πρόσφορα
962 3335 1069 3410 τῆς
1114 3334 1222 3391 νῦν
1268 3326 1574 3413 παρούσης
1619 3334 1968 3412 συμφορᾶς,
2029 3331 2136 3394 ubi
2189 3332 2433 3413 quidem
2487 3350 2625 3408 per-

468 3456 674 3513 peram
717 3435 998 3496 Reiskius
1043 3435 1316 3498 dativum
1362 3429 1700 3515 παρούσαις
1741 3439 2082 3515 συμφοραῖς
2121 3436 2443 3511 legendum
2486 3453 2626 3511 pro-

464 3537 687 3617 posuit.
745 3571 830 3582 --
885 3538 1146 3601 Dativus
1160 3585 1176 3612 ,
1238 3538 1344 3619 qui
1403 3558 1521 3620 qua
1578 3558 1645 3598 re
1691 3537 1981 3598 dissideat
2041 3559 2076 3596 a
2120 3538 2402 3613 genetivo
2444 3534 2625 3595 facile

465 3640 861 3716 intelligitur,
907 3641 1141 3718 positus
1173 3645 1266 3701 est
1297 3642 1472 3702 Eum.
1507 3646 1661 3701 2051
1710 3634 1782 3699 οὗ
1815 3632 1926 3720 γιὶρ
1963 3633 2200 3717 δόμοισι
2245 3636 2438 3699 τοῖσδε
2474 3629 2623 3718 πρό-

469 3758 702 3825 σφορον
745 3744 962 3822 μολεῖν.
1052 3742 1161 3826 0111
1197 3749 1354 3804 6951
1420 3735 1598 3803 κᾶκεῖ
1650 3735 1998 3822 κυρούντων
2056 3735 2326 3819 σώμασιν
2370 3744 2478 3821 (M.
2510 3733 2624 3800 605-

469 3863 611 3923 μασι
670 3847 830 3926 quod
883 3847 1158 3925 ineptum
1219 3847 1336 3926 est)
1383 3838 1454 3905 τοὶ
1513 3840 1851 3927 πρόσφορα.
1915 3879 1999 3890 --
2055 3845 2460 3906 Insolentiore
2515 3843 2628 3903 illa

468 3948 710 4029 quidem
756 3951 861 4009 sed
902 3969 1025 4009 non
1053 3947 1474 4026 inexplicabili
1504 3948 1759 4023 ratione,
1807 3969 1990 4030 quum
2021 3948 2320 4026 adjectiva
2349 3938 2624 4009 substan-

467 4050 586 4113 tivi
628 4071 876 4111 munere
931 4053 1261 4127 fungantur
1276 4096 1292 4124 ‚
1354 4050 1674 4127 genetivus
1731 4052 1960 4126 legitur
2019 4071 2129 4128 pro
2187 4050 2393 4110 dativo
2448 4049 2622 4108 Eum.

474 4156 624 4214 985:
672 4144 748 4210 τὸ
794 4147 923 4227 μὲν
967 4145 1253 4234 ἆτηρὸν
1288 4149 1301 4236 Ι
1339 4146 1582 4233 χώρας
1625 4153 1893 4232 (Peleius
1923 4147 2086 4235 χώρᾳ
2116 4152 2496 4214 scribendum
2533 4154 2626 4209 est
