3017 4759
1277 350 1711 416 -86-

1426 590 1566 670 §4-

584 715 668 774 Ut
710 712 1089 776 absolvamus
1134 712 1293 771 hane
1349 712 1421 770 de
1476 710 1794 789 adJeetivis
1841 710 2282 789 quaestionem,
2341 710 2580 790 reliqua

414 819 489 879 ab
534 817 836 895 Aeschylo
883 835 1019 875 eum
1061 815 1325 889 genuino
1371 813 1655 889 genetivo
1703 818 2045 875 consti-ueta
2086 814 2480 893 proferamus,

584 921 647 997 a)
690 918 1119 997 adjectiva,
1167 918 1385 998 quibus
1432 918 1601 977 notio
1648 917 2033 998 „potentiae“
2079 918 2256 978 inest.

586 1014 954 1101 άκρατής3
1013 1014 1279 1101 γλώσσης
1336 1012 1615 1100 ἀκρατής.
1707 1020 1904 1080 Sehol.
1949 1021 2064 1082 M.:
2122 1013 2204 1096 μή
2249 1014 2579 1096 κατέχουσα

415 1124 524 1202 τῆς
565 1117 844 1204 γλώττης,
891 1115 1034 1183 άλλᾶ
1063 1120 1343 1183 παίουσα.
1417 1121 1615 1182 Simili
1657 1127 1913 1183 utuntur
1952 1121 2259 1183 locutione
2305 1126 2368 1182 et
2394 1122 2577 1202 Soph.

416 1226 512 1287 El.
550 1226 745 1288 11753
786 1228 1024 1305 κρατεῖν
1066 1217 1180 1306 γάρ
1215 1215 1418 1284 ούκέτι
1446 1216 1714 1304 γλώσσης
1743 1219 1943 1284 σθένω
1990 1229 2054 1285 et
2092 1225 2411 1304 Euripides
2439 1224 2576 1285 Hel.

427 1334 620 1389 13883
678 1321 891 1389 εὔνουν
933 1331 1173 1408 κρατεῖν
1214 1346 1275 1385 τε
1320 1322 1630 1403 στόματος.
1676 1360 1761 1372 —-
1818 1328 2093 1389 absolute
2153 1327 2375 1388 dieitur
2416 1330 2477 1387 h.
2522 1347 2575 1388 a..

415 1434 531 1507 frg.
578 1437 656 1490 29
718 1465 802 1477 --
865 1431 1067 1492 Schol.
1111 1431 1362 1490 Theoer.
1406 1430 1517 1504 IV,
1566 1435 1680 1490 62:
1740 1421 1880 1502 τούς
1934 1423 2248 1510 Σατύρους
2307 1424 2583 1509 άκρατεῖς

418 1531 483 1594 οἷ
517 1530 779 1605 πλείονές
809 1549 1014 1608 φασιν,
1063 1524 1145 1604 οἷς
1175 1529 1273 1593 καὶ
1305 1525 1447 1603 τούς
1477 1526 1803 1609 Σειληνούς
1832 1528 1934 1592 καὶ
1968 1534 2200 1608 Πᾶνας,
2245 1524 2329 1604 οἷς
2357 1526 2580 1610 Αἰσχύ-

417 1638 518 1707 λος
561 1631 668 1712 μὲν
713 1632 778 1695 ἐν
825 1631 1080 1716 Γλαύκῳ
1130 1668 1225 1693 —-.
1302 1626 1578 1713 άκρατεῖς
1636 1634 1866 1696 addidit
1910 1637 2294 1697 casaubonus
2338 1657 2416 1697 ex
2458 1635 2577 1695 alio

420 1738 682 1799 scholio:
730 1731 1096 1818 ἀκρατεῖς
1140 1734 1205 1796 οἱ
1245 1730 1513 1815 Σάτυροι
1560 1728 1879 1816 ἐρώτων.

591 1841 796 1901 Facile
839 1840 1057 1916 igitur,
1105 1861 1214 1901 eur
1255 1840 1536 1916 genetivo
1584 1840 1936 1915 declaretur,
1983 1842 2279 1902 conicitur

590 1936 871 2022 κύριος.
959 1947 1072 2018 Ag.
1115 1948 1269 2004 842:
1314 1977 1399 1988 —
1442 1946 1587 2013 παῖς
1628 1977 1715 1988 --
1758 1939 1915 2020 ἒμῶν
1956 1963 2016 2002 τε
2059 1940 2159 2003 καὶ
2205 1945 2329 2003 σοῖν
2371 1935 2580 2020 κύριος

419 2039 834 2123 πιστωμάτων.
903 2048 1075 2106 Eum.
1110 2052 1265 2107 3213
1311 2046 1588 2127 ματρῷον
1630 2037 1889 2126 άγνισμα
1931 2038 2142 2125 κύριον
2179 2039 2396 2121 φόνου.
2463 2049 2578 2105 Re-

418 2149 603 2229 liquis
664 2150 881 2230 quibus
941 2149 1204 2211 ocem-rit
1258 2149 1409 2209 loeis
1453 2153 1559 2209 aut
1603 2133 1874 2211 absolu'te
1916 2153 2241 2228 usurpatur
2292 2155 2398 2209 aut
2442 2150 2578 2208 sub-

423 2252 704 2315 stantive.

591 2355 657 2433 b)
685 2352 1104 2432 'adjectiva
1148 2373 1300 2434 quae
1345 2355 1580 2434 copiam
1625 2360 1687 2416 et
1727 2354 1995 2435 inopiam
2041 2353 2413 2429 significant:

592 2451 853 2527 πλέως.
943 2456 1080 2516 Nisi
1141 2457 1431 2518 translate
1494 2477 1626 2517 eum
1684 2457 1966 2532 genetivo
2021 2477 2143 2516 non
2190 2459 2582 2518 eonnectitur.

423 2562 590 2621 Pers·
640 2565 794 2620 6013
850 2555 981 2635 ἐμοὶ
1029 2551 1141 2638 γάρ
1186 2551 1305 2637 ἤδη
1350 2553 1545 2619 πάντα
1589 2553 1698 2635 μὲν
1740 2553 1991 2637 φόβου
2034 2555 2232 2620 πλέα.
2326 2562 2424 2620 Pr.
2471 2566 2583 2621 42:

423 2659 538 2723 αἰεί
593 2680 656 2721 τε
718 2653 795 2738 δὴ
852 2654 1036 2739 νηλής
1095 2654 1170 2720 σύ
1227 2657 1326 2721 καὶ
1386 2655 1665 2741 θράσους
1717 2658 1926 2731 πλέως.
2014 2662 2299 2722 Proxime
2354 2662 2586 2723 aceedit

423 2766 499 2824 ad
557 2765 949 2843 impropriam
1009 2764 1514 2839 significationem
1572 2766 1685 2840 frg.
1736 2765 1845 2826 763
1905 2758 2062 2824 πλέω
2106 2756 2333 2844 γράσου
2378 2785 2439 2824 τε
2481 2761 2583 2825 καὶ

422 2863 658 2945 ψόθου.
720 2901 805 2912 --
863 2868 964 2929 Sic
1025 2869 1370 2932 emendavit
1428 2869 1762 2931 Dobraeus.
1864 2867 2069 2930 Libri:
2134 2862 2291 2927 πλέω
2352 2861 2583 2948 γράσον

426 2966 526 3030 καὶ
575 2968 872 3046 ψυθοίου.

597 3066 903 3155 πλήρης.
1006 3077 1107 3137 Pr.
1161 3080 1312 3137 146:
1370 3067 1609 3156 φοβερά
1666 3064 1717 3135 δ’
1777 3071 2006 3152 ἐμοῖσιν
2063 3065 2264 3144 ὄσσοις
2314 3069 2324 3157 Ι
2377 3065 2583 3151 ὁμίχλη

427 3175 691 3262 προσῇξε
734 3171 965 3258 πλήρης
1001 3173 1012 3261 Ι
1052 3172 1349 3258 δακρύων.

598 3282 1000 3360 Aeschyleum
1045 3280 1409 3356 adjectivum
1453 3282 1549 3337 eet

598 3375 1084 3459 πολύανδρος
1128 3379 1310 3457 (conf.
1356 3373 1681 3457 κένανδρος
1726 3397 1860 3438 eum
1904 3380 2186 3455 genetivo
2231 3384 2396 3443 Pete.
2435 3387 2583 3443 1193

433 3483 832 3564 Περσικοῦ
891 3471 1457 3557 στρατεύματος
1508 3477 1520 3562 Ι
1572 3479 1800 3540 τοῦδε
1851 3474 1935 3559 μή
1990 3476 2163 3556 πόλις
2219 3478 2394 3564 πύθη
2438 3519 2520 3531 --
2570 3483 2580 3568 Ι

424 3607 521 3645 ται
586 3576 1007 3659 κένανδρον
1073 3572 1197 3662 μέγ’
1265 3573 1411 3642 ὅῖστυ
1478 3581 1796 3654 Σουσίδος.
1902 3584 2100 3647 Subst.
2166 3587 2583 3668 κενανδρία

429 3692 593 3748 Pers.
629 3682 794 3762 721).
883 3685 1047 3745 Pers,
1092 3690 1245 3746 8803
1289 3681 1391 3745 καὶ
1434 3678 1541 3757 τάς
1585 3678 1943 3760 εὐκτεάνους
1985 3683 2135 3750 κατά
2178 3692 2397 3771 κλῆρον
2433 3681 2581 3750 Ἰαό-

429 3809 563 3849 νιον
607 3779 1024 3868 πολυάνδρους
1076 3785 1086 3872 Ι
1133 3779 1431 3850 Ἑλλάνων
1491 3785 1776 3870 ἐκράτυνε
1829 3796 2141 3871 σφετεραῖς
2182 3790 2411 3872 φρεσίν.
2499 3813 2579 3853 eo.

428 3886 645 3963 πόλεις.
714 3912 909 3973 neque
953 3893 1111 3952 enim
1138 3884 1433 3954 Ἑλλάνων
1475 3913 1585 3973 pro
1631 3894 1911 3970 genetivo
1956 3894 2183 3974 accipio
2223 3896 2577 3974 possessivo.

430 3998 586 4057 conf.
617 3996 823 4076 Suppl.
863 4000 1016 4058 1443
1060 3988 1166 4056 τόν
1209 3990 1837 4068 πολυξενώτατον
1874 3994 1886 4078 Ι
1929 3998 2096 4072 Ζῆνα
2137 3996 2256 4053 τῶν
2287 3988 2579 4071 κεκμηκό-

427 4117 566 4158 των.
655 4100 820 4159 Pers.
868 4100 976 4160 74:
1033 4092 1411 4179 πολυάνδρου
1452 4091 1668 4171 Ἀσίας.
1713 4134 1800 4147 -
1852 4101 2129 4159 Ceterum
2171 4098 2287 4158 hoe
2328 4095 2575 4175 adjecti-

429 4220 572 4260 vum
615 4199 978 4259 monendum
1036 4206 1128 4259 est
1184 4221 1309 4260 non
1368 4201 1562 4262 solum
1622 4203 1803 4263 terris
1860 4198 2015 4260 adici
2072 4201 2348 4264 indicans
2389 4200 2579 4279 „viris

2857 4674 2976 4745 2121
