3017 4759
1316 281 1698 348 ...re-r

431 443 697 502 delibero
743 461 819 501 an
865 440 1192 501 consimilis
1235 441 1389 500 ratio
1438 439 1518 497 sit
1561 438 1824 513 genetivi
1871 438 1932 496 in
1980 437 2142 515 Sept.
2192 441 2347 497 541:
2393 427 2587 512 θηρός

430 542 708 621 ἐχθίστου
753 537 981 614 δάκους
1024 537 1179 602 εἰκώ.
1270 543 1422 603 Vide
1467 542 1675 619 Eurip.
1722 541 1905 618 Hipp.
1953 545 2106 600 6463
2166 530 2456 618 ἄφθογγα
2501 573 2582 582 —-

429 641 585 723 δάκη
629 648 862 725 θηρῶν,
909 666 1084 726 quem
1126 647 1199 705 ad
1244 646 1441 705 locum
1484 646 1734 703 adnotat
1770 643 2022 704 Valck.
2068 662 2291 721 „quum
2338 641 2584 722 quaevis

428 751 608 810 etiam
653 747 841 824 θηρία
899 748 1175 809 dicautur
1217 742 1403 823 δάκῃ,
1466 767 1575 824 per
1615 745 1998 823 periphrasin
2043 745 2231 822 θῆρες
2276 735 2585 821 ἄφθογγοι

427 853 528 912 hic
572 852 852 913 dicuntur
895 845 1181 930 ἄφθογγα
1226 843 1381 926 δάκη
1425 850 1654 928 θηρῶν.
1727 850 2037 909 Postremo
2084 850 2183 910 Pr.
2218 853 2284 905 6:
2331 837 2584 922 ὀχμάσαι

431 953 438 1032 Ι
475 947 885 1029 ἀδαμαντίνων
915 953 1145 1031 δεσμῶν
1177 949 1240 1012 ἐν
1270 943 1589 1029 άρρηκτοῖς
1628 946 1840 1019 πέδαις
1884 972 1960 1011 ex
2002 951 2079 1010 iis
2127 969 2277 1030 quae
2322 948 2581 1007 diximus

426 1057 684 1118 dilucide
741 1057 1105 1135 perspicitur
1162 1076 1406 1132 prorsus
1470 1074 1672 1115 errare
1727 1053 2166 1114 Weckleinium
2181 1097 2197 1125 ,
2257 1052 2360 1131 qui
2407 1047 2584 1109 πέδαι

424 1180 574 1220 voce
620 1160 789 1239 quasi
850 1160 1128 1220 effectum
1172 1158 1494 1232 colligandi
1541 1162 1721 1237 atque
1773 1155 2017 1216 tenendi
2072 1156 2329 1218 indicari
2375 1155 2581 1214 existi-

425 1267 562 1323 met.
635 1257 810 1321 πέδαι
856 1264 1033 1336 enim,
1082 1282 1201 1341 quo
1247 1261 1412 1320 nullo
1458 1260 1634 1318 modo
1680 1257 1935 1318 actionis
1982 1258 2261 1317 effectum
2304 1257 2576 1317 denotari

425 1385 599 1443 posse
642 1364 839 1445 quivis
885 1365 1189 1436 concedet,
1235 1363 1400 1422 notio
1446 1361 1806 1422 universalis
1851 1365 1943 1420 est
1982 1361 2182 1420 locum
2224 1367 2438 1419 tenens
2483 1380 2579 1418 su-

424 1468 753 1546 periorem,
815 1487 968 1547 quae
1011 1468 1292 1541 genetivo
1338 1465 1678 1544 appositive
1725 1462 1957 1540 δεσμαῖν
2002 1462 2338 1524 accuratius
2384 1463 2578 1521 deter-

422 1571 705 1631 minatur.

595 1672 651 1748 c)
696 1671 810 1731 Sed
853 1672 1097 1732 tertium
1144 1672 1442 1752 quiddam,
1490 1691 1606 1751 quo
1644 1677 1839 1749 poeta,
1884 1670 2026 1732 novi
2073 1670 2311 1745 generis
2356 1670 2575 1729 oratio-

419 1775 516 1833 nis
562 1779 771 1833 auctor
813 1793 1000 1852 prope
1045 1776 1237 1834 dicam
1284 1780 1344 1833 et
1388 1774 1688 1846 conditor,
1744 1793 1779 1831 a
1823 1774 2002 1833 solita
2045 1773 2282 1832 dicendi
2327 1791 2576 1849 usurpa-

418 1877 585 1935 tione
622 1877 891 1949 discedit,
935 1879 1003 1940 in
1034 1897 1104 1936 eo
1136 1877 1397 1954 positum
1443 1883 1536 1936 est
1580 1877 1737 1957 quod
1782 1875 2129 1950 genetivum
2172 1874 2576 1954 appositivum

418 1980 493 2038 ad
536 1979 829 2054 imagines
875 1980 1123 2039 adhibet
1165 1984 1226 2037 et
1271 1973 1715 2039 translationes.
1781 1981 1926 2056 Ipsa
1968 1980 2130 2038 enim
2167 1998 2239 2038 ea
2267 1998 2381 2052 res,
2430 1997 2575 2057 qua-

418 2102 553 2141 cum
612 2082 732 2142 ah‘a
786 2086 1191 2160 comparatur,
1252 2082 1685 2161 quodammodo
1731 2080 2028 2155 generalis
2085 2087 2176 2140 est
2219 2081 2416 2153 notio,
2477 2080 2572 2139 cui

414 2205 512 2244 res
557 2185 885 2263 composita
929 2184 1149 2266 quippe
1195 2203 1346 2263 quae
1389 2183 1694 2257 singulare
1725 2184 1952 2263 aliquid
1984 2184 2246 2254 denotet,
2291 2183 2571 2258 genetivo

415 2288 595 2345 debet
636 2287 886 2347 attribui
930 2286 1287 2365 appositivo.
1354 2286 1699 2362 eujusmodi
1745 2290 1914 2344 suut:
1960 2289 2072 2360 Ag.
2107 2290 2259 2346 2053
2304 2279 2574 2364 ἀνάγκας

410 2385 520 2448 ἔδυ
562 2386 854 2449 λέπαδνον
877 2391 933 2469 l)
977 2424 1061 2433 —
1104 2389 1429 2448 necessitas
1470 2392 1679 2465 jugum
1724 2392 1816 2448 est
1860 2389 2017 2468 quod
2064 2392 2569 2463 Agamemnonem

412 2491 614 2552 subire
676 2493 853 2567 fingit
908 2500 1087 2570 poeta
1107 2491 1183 2567 ²).
1276 2492 1449 2556 Quod
1507 2511 1651 2552 vero
1712 2491 1931 2551 Aesch.
1996 2491 2144 2550 dicit
2202 2492 2365 2550 Pers.
2412 2495 2569 2550 592:

409 2588 600 2673 ἐλύθη
628 2587 807 2674 ζυγόν
838 2586 1023 2665 άλκᾶς
1065 2595 1125 2652 id
1172 2595 1244 2653 de
1289 2595 1544 2672 imperio
1584 2597 1796 2672 jugum
1839 2594 2187 2672 imponente
2231 2593 2433 2673 potius
2474 2592 2566 2651 in-

411 2697 806 2772 telligendum
851 2702 959 2756 est.

579 2800 716 2863 Sub,
740 2799 1032 2877 judicium
1075 2804 1204 2859 tum
1246 2806 1540 2862 vocentur
1583 2801 1999 2877 metaphorae:
2044 2797 2316 2867 δουλείας
2349 2788 2562 2876 γάγγα·

408 2921 524 2977 μον
578 2905 690 2976 Ag.
738 2906 879 2960 384.
970 2898 1053 2971 εἰς
1106 2895 1443 2981 ἀπέραντον
1502 2901 1819 2963 δίκτυον
1879 2895 2022 2979 ἄτης
2081 2893 2564 2977 ἐμπλεχθήσεσθε

548 3122 598 3186 1)
633 3124 714 3170 Pr.
758 3123 884 3172 1083
931 3114 1178 3186 οἷνάγκαις
1227 3116 1393 3173 ταῖσδ’
1430 3118 1740 3185 ἐνέζευγμαι.
1813 3122 1881 3169 ib.
1919 3123 2046 3170 5753
2096 3113 2266 3173 ταῖσδ’
2301 3117 2564 3180 ἐνέζευξας

404 3236 472 3244 —-
524 3204 575 3258 ἐν
622 3204 956 3272 πημοσύναις.
1030 3206 1119 3254 Ch.
1161 3208 1286 3255 775:
1341 3200 1531 3272 ζυγέντ’
1581 3202 1631 3256 ἐν
1678 3198 1870 3271 ἅρματι
1916 3201 2180 3270 πημάτων.
2250 3208 2370 3253 Eur.
2405 3206 2556 3267 Hipp.

407 3298 565 3344 1389:
603 3293 731 3346 οἵαις
756 3297 1040 3360 συμφοραῖς
1078 3291 1372 3359 συνεζύγης.
1435 3293 1521 3341 Or.
1552 3296 1710 3344 13303
1746 3286 2049 3356 οἷνάγκης
2085 3289 2139 3350 ἐς
2176 3285 2371 3357 ζυγὸν
2406 3289 2559 3342 καθέ-

405 3394 612 3442 σταμεν.
685 3379 836 3440 Soph.
873 3381 953 3427 Ai.
992 3381 1118 3428 944:
1156 3377 1388 3438 δουλείας
1424 3371 1568 3445 ζυγά.

543 3468 596 3526 2)
629 3466 754 3513 Voci
792 3461 939 3529 ζυγόν
976 3466 1274 3527 adjectivum
1309 3467 1545 3515 accedere
1579 3467 1795 3527 genetivi
1831 3466 2098 3529 appositivi
2132 3468 2280 3528 plane
2303 3465 2414 3512 vice
2448 3465 2557 3513 fun-

399 3565 524 3612 gens
561 3551 630 3614 (v.
666 3566 716 3611 p.
746 3554 808 3600 19
844 3565 981 3611 sqq.‚
1031 3566 1070 3600 s.
1111 3567 1254 3612 capp.
1280 3554 1359 3599 111
1393 3557 1442 3600 et
1476 3553 1549 3599 IV
1585 3554 1617 3600 l.
1647 3551 1713 3617 c.)
1749 3555 2009 3602 occasione
2043 3553 2213 3601 oblata
2260 3552 2421 3600 facere
2455 3566 2555 3599 non

398 3652 602 3699 possum
652 3637 770 3697 quin
816 3651 1195 3685 commemorem
1247 3640 1441 3701 ζυγοῖσι
1491 3634 1760 3689 δουλείοισι
1813 3638 1946 3700 Sept.
1986 3641 2065 3688 75.
2156 3634 2350 3690 δούλιον
2406 3633 2555 3701 ζυγόν

400 3724 538 3771 Pers.
578 3725 659 3782 52,
710 3722 841 3783 Sept.
879 3725 996 3781 454,
1035 3726 1150 3772 776.
1223 3724 1316 3783 Ag.
1355 3726 1471 3782 917,
1513 3725 1658 3771 1180.
1731 3725 1901 3773 Facile
1936 3724 2088 3785 igitur
2117 3724 2223 3784 jam
2258 3721 2554 3784 perspicitur

401 3823 642 3867 quaenam
676 3808 754 3855 vis
802 3807 868 3854 sit
902 3807 1126 3867 subJecta
1161 3807 1392 3867 epithetis
1439 3808 1717 3878 istiusmodi
1754 3814 1802 3856 et
1846 3810 1978 3869 apud
2013 3809 2310 3856 Homerumx
2359 3802 2553 3857 δούλιον

401 3880 562 3957 ἦμαρ.
634 3894 692 3941 11.
730 3894 822 3951 xl,
861 3895 981 3952 463,
1033 3891 1131 3939 od.
1168 3892 1332 3950 xvn,
1371 3895 1501 3952 ³23,
1554 3900 1603 3941 et
1649 3896 1781 3954 apud
1831 3895 2134 3955 Aeschylum
2180 3888 2379 3949 δούλως
2428 3885 2552 3941 αἶσα

402 3976 490 4024 Ch.
533 3980 623 4026 703
658 3975 891 4040 νόστιμον
925 3973 1058 4040 φάος
1091 3978 1230 4026 Pers,
1269 3980 1384 4026 260.
1444 3975 1680 4041 νόστιμος
1716 3977 1948 4043 σωτηρία
1982 3981 2120 4026 Pers.
2161 3979 2276 4035 788,
2312 3978 2405 4038 Ag.
2432 3977 2547 4033 330,

405 4066 550 4113 1192.
622 4065 854 4127 κρηναῖον
901 4055 1050 4125 γάνος
1097 4062 1234 4109 Pers.
1273 4063 1390 4110 481.
1458 4053 1654 4125 ‘'Ate-qe
1702 4057 1902 4120 πόντιος
1946 4063 2041 4124 Ag.
2078 4064 2193 4121 645,
2246 4061 2380 4123 Sept.
2418 4064 2544 4110 875:

399 4146 655 4215 διχόφρων
690 4143 884 4213 πότμος
916 4148 949 4196 i.
978 4162 1020 4197 e.
1060 4142 1429 4214 διχοφροσύνης
1462 4142 1673 4211 πότμος.
1744 4147 1883 4197 Pers.
1923 4151 2048 4198 1023
2083 4144 2280 4200 πόντιον
2316 4137 2486 4205 ἄλσος.
