3017 4759
1266 249 1699 313 ...41..-

1291 582 1682 639 Adnotatio.

582 714 977 779 Quaestiones
1022 715 1094 773 de
1140 714 1422 789 genetivo
1464 714 1820 791 possessive,
1868 715 2219 792 subjectivO,
2267 715 2564 792 objectivo

412 818 696 897 quoniam
740 818 826 876 ad‘
857 818 1039 877 finem
1081 817 1496 895 perduximus,
1558 819 1843 899 quoniam
1861 867 1877 894 ‚
1922 838 2098 898 quam
2144 838 2321 895 saepe
2365 821 2569 876 utatur

411 922 746 1000 Aeschylus
789 921 1031 981 illorum
1074 921 1207 980 loco
1253 919 1713 997 pronominibus
1750 921 2104 999 possessivis
2150 926 2211 981 et
2252 919 2567 996 adjectivis

410 1026 696 1085 habemus
741 1024 1132 1097 intellectum,
1177 1024 1480 1098 addamus,
1529 1023 1580 1083 si
1626 1024 1842 1102 placet,
1887 1025 1962 1084 ad
2007 1044 2179 1083 usum
2221 1022 2392 1082 illum
2437 1039 2569 1101 sps-

411 1128 637 1187 ctantia
681 1146 889 1206 pauca.

1425 1312 1563 1391 §1-

583 1432 994 1494 Parallelismo
1042 1434 1294 1511 quodam
1341 1432 1531 1493 eidem
1564 1433 1790 1493 nomini
1837 1432 2163 1510 apponitur
2207 1437 2282 1491 et
2325 1433 2570 1508 adjecti-

411 1559 580 1609 vum,
643 1536 798 1616 quod
845 1536 1112 1610 genetivi
1158 1540 1360 1613 partes
1406 1535 1685 1614 suscipit,
1746 1537 1874 1598 sive
1919 1556 2248 1614 pronomen
2294 1556 2450 1612 poss.
2500 1540 2572 1594 et

411 1640 727 1716 genetivus
769 1637 1023 1698 articulo
1070 1658 1191 1698 non
1237 1638 1465 1716 posito:

583 1743 646 1818 α)
693 1740 1054 1817 adjectivum
1099 1742 1227 1802 sive
1264 1762 1438 1818 pron.
1468 1742 1794 1819 praecedit,
1840 1742 2226 1821 subsequitur
2256 1741 2571 1816 genetivus

415 1847 578 1905 Pers.
615 1850 680 1904 8:
728 1838 885 1918 ἀμφὶ
932 1837 995 1902 δὲ
1038 1838 1231 1926 νόστῳ
1278 1845 1358 1925 τῷ
1404 1842 1679 1926 βασιλείῳ
1725 1841 1826 1903 καὶ
1865 1837 2245 1922 πολυχρύσου
2275 1845 2570 1922 στρατιᾶς.

415 1952 525 2022 Ag.
586 1951 777 2007 1268:
843 1939 1172 2006 κωκύσουσ’
1234 1940 1383 2023 ἐμὴν
1440 1940 1881 2026 Ἀγαμέμνονός
1939 1967 1998 2005 τε
2058 1950 2291 2026 μοῖραν.
2398 1925 2569 2006 Eum.

420 2054 569 2110 703:
613 2042 911 2128 χρησμούς
955 2042 1094 2119 τούς
1139 2044 1321 2125 ἐμούς
1366 2070 1424 2108 τε
1467 2046 1568 2110 καὶ
1618 2045 1786 2120 Διός.
1876 2052 2143 2129 Ghoeph.
2182 2056 2332 2109 489:
2376 2050 2573 2124 θῆλυν

411 2146 661 2232 ἄρσενός
716 2143 780 2210 θ’
822 2144 979 2228 ὁμοῦ
1025 2146 1168 2231 γόον
1212 2154 1318 2231 (M.
1367 2145 1565 2232 γόνον.
1614 2174 1669 2215 v.
1718 2172 1853 2231 pag.
1889 2155 2015 2231 29).
2103 2154 2202 2212 Pr.
2251 2156 2406 2211 412:
2465 2144 2573 2209 τᾶν

414 2250 571 2315 συσὶν
614 2248 1026 2331 ξνομαιμόνων
1069 2275 1129 2314 τε
1172 2248 1366 2331 τιμάν.

591 2356 655 2436 β)
700 2339 896 2417 rarius
940 2358 1245 2436 praecedit
1287 2359 1602 2433 genetivus
1647 2378 1717 2419 ac
1761 2358 2034 2439 sequitur
2078 2358 2193 2434 adj.
2227 2356 2355 2416 sive
2400 2378 2572 2434 pron.

419 2462 585 2520 Pers.
640 2461 747 2519 17:
804 2453 870 2519 vd
918 2454 1171 2520 Σούσων
1229 2452 1326 2537 ἠδ’
1367 2453 1748 2541 Ἀγβατάνων
1797 2458 1807 2542 Ι
1859 2457 1961 2519 καὶ
2020 2452 2086 2520 τό
2132 2453 2384 2518 παλαιόν
2434 2457 2574 2517 Κίσ-

417 2579 548 2622 σιον
592 2558 783 2641 ἕρκος.
870 2564 952 2624 ib.
991 2569 1140 2624 160:
1187 2557 1252 2624 vd
1302 2563 1570 2643 Δαρείου
1614 2584 1673 2624 τε
1718 2556 1913 2639 κοῖμὸν
1956 2556 2163 2623 κοινόν
2207 2556 2573 2642 εὐνατήριον.

590 2666 650 2744 γ)
696 2666 1031 2740 Singularis
1090 2673 1182 2727 est
1239 2667 1406 2727 loeus
1451 2669 1621 2727 Eum.
1674 2673 1783 2727 89:
1841 2658 2216 2740 αὐτάδελφον
2274 2657 2421 2742 αἷμα
2474 2660 2576 2723 καὶ

420 2768 630 2825 κοινοῦ
662 2762 906 2848 πατρός,
956 2790 1212 2849 quocum
1256 2775 1458 2849 potest
1502 2771 1834 2850 comparari
1867 2772 2043 2831 Hom.
2079 2771 2185 2829 Od.
2218 2769 2389 2843 XVI,
2425 2775 2573 2829 300:

423 2861 563 2942 ἐμός
608 2866 731 2929 ἐσσι
774 2868 877 2931 καὶ
921 2869 1171 2948 αἵματος
1214 2864 1541 2952 ἡμετέροιο.

1429 3060 1569 3139 §2-

590 3179 686 3237 Ad
715 3178 839 3240 vim
883 3180 1257 3256 pronominis
1297 3182 1396 3241 vel
1440 3180 1722 3257 adjectivi
1767 3178 2110 3258 possessivi,
2158 3178 2314 3257 quod
2349 3196 2574 3251 vocem,

421 3280 762 3341 distinctius
822 3282 1335 3343 determinandam
1396 3290 1456 3344 et
1498 3285 1831 3359 augendam
1892 3282 2207 3357 genetivus
2254 3281 2424 3360 quasi
2469 3301 2578 3358 per

419 3382 818 3459 appositionis
862 3385 1115 3461 figuram
1159 3387 1543 3468 adscribitur.
1612 3388 1905 3464 Exempla
1950 3390 2091 3446 sunt
2131 3404 2377 3463 perrara
2420 3384 2576 3463 apud

419 3486 803 3566 Aeschylum.

591 3590 652 3665 α)
700 3610 906 3667 pron.
952 3595 1064 3667 Ag.
1102 3582 1298 3653 1276:
1343 3589 1520 3671 ῥῆσιν
1550 3587 1592 3669 ἢ
1619 3595 1859 3672 θρῆνον
1890 3588 2049 3652 θέλω
2081 3586 2224 3669 ἐμόν
2256 3587 2359 3652 τόν
2390 3585 2578 3666 αὐτῆς

417 3693 523 3769 (sc.
573 3690 799 3771 εἰπεῖν).
828 3728 915 3739 --
961 3693 1161 3773 [Eum.
1196 3702 1348 3759 954:
1396 3698 1532 3780 νικᾷ
1578 3690 1631 3755 δ’
1674 3690 1926 3776 ἀγαθῶν
1957 3692 1981 3779 ΙΙ
2013 3692 2134 3774 ἔρις
2178 3687 2430 3773 ἡμετέρα
2476 3685 2578 3751 διὰ

419 3786 645 3863 παντός
691 3816 842 3875 quae
886 3800 1072 3859 verba
1129 3800 1565 3877 interpretatur
1602 3800 1993 3861 Schuetzius:
2049 3801 2379 3877 „bonorum
2436 3797 2576 3856 lites

422 3916 569 3977 quas
607 3918 774 3958 -meas
815 3900 991 3975 facio,
1039 3923 1273 3980 semper
1314 3903 1623 3964 vincunt.“
1688 3908 1773 3963 At
1810 3895 2064 3981 ἀγαθῶν
2093 3907 2197 3961 aut
2240 3900 2577 3980 appositive

420 4002 765 4078 pronomini
810 3994 1066 4083 ἡμετέρα
1110 4005 1380 4065 additum
1439 4010 1532 4066 est
1589 4011 1692 4065 aut
1752 4011 1840 4065 est
1885 4004 2201 4081 genetivus
2246 4003 2578 4081 objectivus

416 4103 552 4181 (nos
595 4106 824 4180 „Streit
881 4127 993 4167 um
1054 4109 1159 4168 das
1207 4109 1401 4169 Gute“
1462 4114 1532 4169 ut
1591 4111 1880 4170 transfert
1925 4108 2298 4188 Droysenus)
2344 4109 2416 4167 cf.
2466 4106 2575 4165 Od.
