3017 4759
1329 330 1884 409 -100--f

420 471 425 475 ’
482 493 664 553 etiam
709 491 785 550 ad
830 483 1068 549 ἀνωθεν
1110 487 1606 563 intellegendum.
1695 484 1976 564 Reliquis
2016 481 2198 556 locis,
2246 481 2465 561 quibus
2506 479 2639 559 pari

481 595 657 654 modo
704 592 969 673 quietem
1025 591 1091 651 in
1133 591 1267 650 loco
1314 588 1623 669 superiore
1668 592 1849 668 atque
1896 586 2003 646 ch.
2038 588 2154 646 821
2203 583 2461 657 indicat,
2519 603 2641 642 non

481 696 714 776 patitur
757 693 1108 771 genetivum
1133 692 1271 752 ‘sibi
1315 691 1555 752 adnecti
1596 694 1713 766 Ag.
1748 694 1903 750 8353
1963 680 2184 763 πολλὴν
2227 679 2488 757 ἄνωθεν,
2535 676 2642 760 τὴν

482 791 646 859 κάτω
701 791 814 877 γάρ
877 788 952 856 οὕ
995 793 1143 875 λέγω
1182 792 1192 877 Ι
1230 787 1455 872 χθονός
1512 791 1820 871 τρίμοιρον
1870 793 2111 869 χλαῖναν
2156 782 2382 866 ἐξηύχει
2424 778 2641 863 λαβών.

482 903 566 963 ib.
602 906 756 961 8393
801 892 1023 969 πολλάς
1053 891 1292 961 ἀνωθεν
1323 889 1584 976 α’ρτάνας
1615 893 1761 972 ἐμῆς
1790 890 1967 975 δέρης
2005 890 2017 975 Ι
2055 889 2268 952 ἔλυσαν
2298 884 2461 950 ἄλλοι
2492 881 2645 968 πρός

483 1002 624 1082 βίαν
680 997 1068 1079 λελημμένης,
1135 1001 1244 1062 ubi
1303 999 1547 1080 quidem
1602 996 2096 1059 Schneidewinus
2151 985 2393 1055 ἀνωθεν
2444 991 2647 1071 jungit

487 1127 623 1167 cum
681 1105 965 1181 genetivo
1029 1100 1179 1181 ἐμῆς
1238 1099 1432 1183 δέρης.
1479 1137 1565 1147 —-—
1608 1102 1692 1162 ib.
1744 1106 1941 1161 1550:
2002 1091 2190 1168 θεοὺς
2244 1090 2484 1156 ἀνωθεν
2538 1096 2647 1175 γῆς

448 1231 464 1243 ·
487 1200 834 1269 ἐποπτεύειν
878 1199 993 1287 ἄγη
1037 1207 1384 1284 (genetivus
1429 1206 1541 1285 γῆς
1569 1204 1839 1284 pertinet
1882 1202 1959 1261 ad
1998 1193 2158 1281 ἄγη).
2203 1235 2289 1246 --
2333 1200 2417 1261 ib.
2453 1204 2646 1259 15653

485 1311 675 1389 χερῶν
718 1301 944 1389 ἄκρους
1000 1304 1211 1378 κτένας
1243 1304 1267 1392 ΙΙ
1299 1301 1558 1387 ἔθρυπτ’
1612 1298 1852 1366 ἆῖνωθεν
1895 1295 2169 1380 (ἄπωθεν
2212 1302 2498 1381 Weilius)
2546 1295 2646 1360 ἀν-

487 1406 718 1494 δρακάς
759 1403 1106 1489 καθήμενος
1142 1407 1152 1491 Ι
1192 1401 1407 1487 ἄσημα.
1496 1410 1706 1488 Suppl.
1743 1407 1896 1468 5773
1944 1398 2180 1476 οὔτινος
2216 1398 2460 1467 ι’ἕνωθεν
2503 1395 2645 1482 ἦμέ-

489 1536 600 1575 νου
643 1510 803 1592 σέβει
844 1507 1024 1574 κάτω.

660 1611 1016 1696 ἀνωτέρω
1063 1616 1248 1676 semel
1279 1615 1506 1690 legitur
1551 1615 1681 1675 sine
1725 1615 2008 1690 genetivo
2052 1616 2154 1676 Pr.
2188 1618 2345 1675 316:
2392 1605 2521 1690 τάχ’
2572 1603 2649 1670 ἄν

489 1737 600 1780 σου
643 1715 747 1778 καὶ
791 1711 1025 1797 μακράν
1068 1712 1349 1798 ἀνωτέρω
1388 1714 1399 1796 Ι
1437 1717 1653 1776 θακῶν
1696 1710 1866 1776 κλύοι
1918 1711 2086 1786 Ζεύς.

659 1816 876 1881 κάτω.
965 1822 1164 1882 Semel
1208 1820 1458 1880 arcessit
1501 1819 1880 1896 genetivum,
1924 1819 2031 1881 ubi
2071 1821 2249 1897 juxta
2292 1815 2499 1896 ἔνερθε
2541 1838 2648 1898 po-

491 1925 660 1985 nitur
701 1925 875 1984 Eum.
913 1927 1110 1984 10013
1161 1918 1432 2000 (πέμψω)
1467 1957 1555 1968 -
1600 1918 1686 1993 εἰς
1726 1915 1870 1992 τούς
1903 1919 2109 2001 ἔνερθε
2152 1919 2252 1982 καὶ
2297 1914 2459 1980 κάτω
2502 1923 2650 1998 χθο-

489 2021 596 2098 νός
638 2020 882 2096 τόπους.
969 2027 1265 2089 Absolute
1309 2030 1639 2104 usurpatur
1696 2032 1818 2085 tam
1864 2026 2128 2106 quietem
2182 2024 2248 2084 in
2292 2026 2424 2084 loco
2470 2043 2651 2103 quam

491 2134 722 2190 motum
764 2129 832 2189 in
874 2130 1077 2190 locum
1118 2129 1471 2189 inferiorem
1518 2128 1761 2205 signans
1804 2129 1954 2190 locis
1999 2132 2131 2189 octo
2147 2172 2163 2201 ,
2218 2132 2533 2206 praeterea
2574 2127 2649 2185 de

495 2226 620 2292 ἅνω
664 2229 762 2292 καὶ
808 2225 972 2292 κάτω
1015 2232 1160 2296 vide
1205 2232 1408 2311 paullo
1455 2252 1655 2310 supra.

663 2356 702 2394 κ
719 2327 757 2393 ἀ
775 2356 868 2394 τω
884 2339 933 2394 θ
949 2354 1052 2408 εν,
1099 2336 1261 2416 quod
1303 2355 1602 2415 nusquam
1643 2333 1867 2414 recipit
1909 2333 2258 2409 genetivum
2274 2379 2290 2407 ,
2352 2331 2654 2408 significat

497 2442 612 2514 „ab
657 2438 909 2499 inferis“
953 2440 1121 2499 Pers.
1155 2442 1309 2498 6883
1356 2434 1485 2497 ἐπεὶ
1528 2430 1805 2496 κάτωθεν
1834 2423 2047 2513 ἦλθον.
2118 2437 2225 2496 011.
2265 2435 2421 2496 3703
2466 2427 2652 2494 κάτω-

498 2545 612 2600 θεν
653 2535 993 2617 ἀμπέμπων
1031 2538 1042 2622 Ι
1080 2530 1507 2612 ὑστερόποινον
1552 2531 1715 2599 ὅταν.

672 2639 1061 2721 ἔνερθε(ν).
1149 2643 1496 2702 Discessum
1542 2662 1619 2701 ex
1661 2643 1794 2701 loco
1837 2660 1960 2700 non
2003 2640 2272 2701 declarat
2313 2639 2435 2709 nisi
2474 2638 2656 2698 intel-

499 2747 664 2805 lectu
707 2743 971 2822 positum
1013 2769 1101 2794 =
1144 2764 1262 2818 „ex
1314 2743 1569 2802 inferis“
1612 2745 1779 2803 Pers.
1815 2748 1969 2805 2223
2035 2734 2222 2802 ἐσθλά
2267 2759 2364 2802 σοι
2407 2737 2660 2818 πέμπειν

500 2843 686 2930 τέκνω
729 2866 791 2905 τε
833 2848 942 2925 γῆς
979 2842 1223 2926 ἔνερθεν
1267 2843 1329 2915 ές
1363 2840 1539 2920 φάος.
1629 2846 1711 2906 ib.
1748 2851 1901 2905 6283
1947 2839 2217 2922 πέμψατ’
2257 2842 2501 2924 ἔνερθεν
2534 2854 2657 2919 ψυ-

503 2942 614 3028 χὴν
657 2945 718 3019 ἐς
762 2951 915 3023 φῶς.
1003 2951 1248 3029 Neque,
1295 2949 1348 3010 si
1391 2949 1659 3030 quietem
1692 2948 2022 3025 significat,
2068 2948 2223 3009 alius
2266 2948 2515 3027 ponitur
2558 2966 2657 3022 ge-

503 3053 747 3115 netivus
794 3073 974 3133 quam
1018 3052 1125 3131 γῆς
1170 3052 1300 3113 sive
1330 3044 1588 3129 χθονός.·
1634 3053 1801 3112 Pers.
1835 3058 1989 3113 2293
2034 3054 2163 3120 τοῖς
2205 3045 2260 3109 τ’
2301 3047 2509 3130 ἔνερθε
2549 3049 2662 3129 γῆς

507 3155 721 3232 φίλοις.
809 3157 918 3215 011.
962 3159 1110 3216 1193
1170 3148 1313 3225 τούς
1353 3154 1465 3235 γῆς
1509 3151 1721 3234 ἔνερθε
1765 3152 2069 3230 δαίμονας.
2157 3136 2344 3214 Eum:
2365 3153 2514 3213 2703
2562 3147 2661 3229 μέ-

506 3279 613 3339 γας
666 3251 780 3337 γάρ
807 3251 1026 3333 ’Ἀιδης
1070 3253 1226 3317 ἐστίν
1285 3292 1370 3303 -
1429 3253 1639 3337 ἔνερθε
1681 3249 1921 3335 χθονός.
2011 3256 2095 3318 ib.
2137 3258 2332 3318 10013
2393 3251 2479 3325 εἰς
2519 3246 2663 3324 τούς

505 3358 715 3440 ἔνερθε
757 3355 861 3418 καὶ
902 3352 1065 3418 κάτω
1109 3353 1334 3436 χθονός
1376 3353 1619 3430 τόπους.
1706 3362 1807 3421 Pr.
1858 3365 2009 3420 5023
2055 3355 2266 3439 ἔνερθε
2310 3352 2376 3417 δὲ
2415 3346 2662 3436 χθονός.

677 3456 968 3540 νέρθεν.
1057 3463 1165 3522 011.
1206 3467 1344 3522 38:-
1370 3455 1510 3531 τούς
1553 3462 1666 3541 γᾶς
1707 3457 1941 3542 νέρθεν.
2029 3463 2202 3522 Idem
2245 3463 2372 3522 fere
2415 3461 2663 3523 videtur

507 3565 712 3626 valere
757 3564 917 3644 quod
959 3554 1080 3622 ὖπό
1127 3583 1261 3623 cum
1306 3563 1648 3625 accusativo
1692 3565 1793 3624 Pr.
1831 3568 1984 3625 1533
2030 3559 2086 3622 εἰ
2126 3556 2238 3644 γάρ
2284 3555 2341 3641 μ’
2384 3556 2504 3622 ὖπὸ
2551 3563 2664 3642 γῆν

511 3663 728 3748 νέρθεν
753 3658 829 3726 θ’
853 3659 1074 3726 ’Ἀιδου
1112 3663 1123 3748 Ι
1160 3667 1268 3725 τοῦ
1300 3662 1765 3746 νεκροδέγμονος
1808 3663 1892 3736 εἰς
1922 3660 2261 3746 ἀπέραντον
2297 3661 2308 3748 Ι
2356 3657 2665 3745 Τάρταρον

509 3756 671 3847 ἧκεν.
718 3769 847 3830 sine
892 3789 1034 3831 casu
1076 3770 1243 3829 Pers.
1277 3767 1420 3829 637.

681 3865 822 3931 ῧπε
841 3875 994 3951 ρθε.
1084 3870 1364 3936 Quietem
1420 3871 1486 3930 in
1542 3873 1674 3932 loco
1734 3873 1894 3950 apud
1950 3872 2325 3950 Aeschylum
2376 3870 2666 3950 exprimit

512 3973 676 4051 Sept.
709 3977 860 4035 2103
904 3966 1127 4054 ὕπερθ’
1169 3966 1454 4051 ὀμμάτων
1492 3971 1504 4058 Ι
1542 3975 1961 4052 κρημναμενᾶν
2004 3974 2274 4048 νεφελᾶν.
2358 3975 2474 4050 Ag.
2510 3977 2665 4033 2193

513 4066 745 4153 ὕπερθε
787 4073 1000 4152 βωμοῦ
1041 4110 1125 4120 --
1168 4074 1387 4153 λαβεῖν.
1851 4060 1856 4063 ’

688 4170 822 4254 πέρ
840 4197 896 4236 α.
987 4178 1125 4237 Nisi
1152 4178 1445 4238 translate
1477 4199 1600 4239 non
1633 4179 1957 4241 adhibetur
1999 4179 2098 4239 Pr.
2133 4181 2246 4239 303
2289 4171 2443 4258 πέρα
2476 4173 2664 4253 δίκης.
