3017 4759
1121 297 1685 375 ‚--107--

1402 676 1499 752 V.

505 832 633 904 De
700 832 1162 923 genetivo
1232 833 1395 925 qui
1454 834 1819 927 pendet
1885 854 1998 906 ex
2062 832 2389 907 verbo.

1413 1043 1485 1097 A.

724 1134 967 1207 Verba
1002 1155 1531 1209 reminiscendi
1570 1157 1643 1208 et
1677 1155 2177 1211 obliviscendi.

547 1267 961 1352 μιμνήσκεο.
1048 1276 1352 1354 Simplicis
1410 1278 1582 1340 verbi
1639 1278 1834 1339 forma
1877 1277 2533 1353 activa==‚‚admo-

373 1382 529 1438 neo“
574 1377 817 1438 omnino
864 1399 986 1439 non
1029 1385 1354 1458 usurpatur
1405 1382 1481 1440 ab
1528 1381 1848 1458 Aeschylo.
1938 1381 2267 1442 Medium
2311 1376 2530 1456 ,,ἔμνη-

374 1474 612 1558 σάμην“
659 1500 792 1541 cum
835 1483 1116 1557 genetivo
1160 1481 1250 1542 rei
1289 1482 1571 1559 jungitur
1611 1482 1817 1561 Suppl.
1854 1489 1964 1542 50:
2008 1483 2127 1543 τῶν
2156 1475 2392 1561 πρόσθε
2420 1474 2532 1542 πό-

374 1603 498 1643 νων
543 1578 887 1660 μνασαμένα
932 1584 1303 1664 (80h01.M.:
1350 1585 1642 1662 explicat·
1688 1605 1832 1656 τους
1874 1578 2102 1657 πόνους
2147 1577 2261 1665 ἔγω
2294 1582 2534 1664 διηγου-

377 1681 570 1764 μένῃ).
637 1688 915 1748 Ceterum
944 1688 1109 1747 nulla
1150 1688 1374 1763 legitur
1416 1689 1611 1749 forma
1639 1688 1757 1748 nisi
1803 1689 2230 1767 perfectum
2273 1683 2536 1765 „fabamq-

376 1794 545 1864 μαι“,
592 1791 750 1869 quod
794 1790 1067 1870 sequitur

548 1893 611 1971 α)
657 1892 840 1952 semel
883 1893 1198 1967 genetivus
1241 1911 1536 1971 personae
1580 1893 1686 1954 Ch.
1739 1899 1889 1954 108.
1949 1883 2195 1971 ‘dunno’
2235 1884 2533 1972 ’.Ορέστου

548 1992 611 2074 β)
658 1993 976 2076 quinquies
1020 1995 1335 2069 genetivus
1379 1995 1467 2054 rei
1512 1996 1675 2055 Pers.
1712 2001 1869 2056 283:
1912 1996 2051 2071 φεῦ,
2097 1995 2216 2055 τῶν
2256 1985 2535 2070 Ἀθηνῶν

380 2088 461 2167 ὥς
496 2093 681 2157 στένω
712 2091 1102 2174 μεμνημένος,
1145 2097 1248 2156 ubi
1295 2116 1610 2176 perperam
1639 2099 2025 2158 Hermannus
2071 2097 2355 2158 distinxit
2397 2099 2536 2175 post

375 2192 666 2278 Ἀθηνῶν.
762 2200 975 2281 Neque
1035 2200 1195 2259 enim
1255 2199 1573 2260 articulum
1635 2200 1802 2261 addit
1857 2199 2194 2279 Aeschylus
2253 2197 2535 2274 genetivo

379 2302 774 2364 exclamative
820 2302 940 2362 nisi
983 2303 1086 2362 ubi
1132 2303 1528 2375 substantive,
1575 2303 1735 2383 quod
1766 2303 2094 2363 collocatur
2136 2301 2201 2361 in
2232 2299 2534 2375 genetivo,

380 2405 722 2466 adnectitur
778 2404 1196 2484 participium:
1262 2404 1421 2484 Sept.
1473 2409 1631 2465 580:
1699 2407 1817 2480 φεῦ
1883 2405 2016 2464 τοῦ
2082 2395 2539 2475 ξυαλλᾶττοντος

380 2501 647 2585 ὄρνιθος.
719 2509 853 2568 Hoc
895 2514 1096 2568 tamen
1140 2527 1265 2567 uno
1310 2508 1441 2568 loco
1488 2512 1742 2587 excepto
1774 2528 1851 2568 ne
1880 2506 2268 2587 participium
2296 2504 2539 2586 quidem

381 2610 756 2672 substantivo
801 2612 1099 2688 adjectum
1142 2610 1371 2688 patitur
1412 2611 1560 2689 poni
1606 2610 1954 2671 articulum:
1998 2611 2163 2670 Pers.
2212 2613 2367 2668 281:
2412 2602 2546 2665 αἰαῖ
2584 2611 2589 2616 “

379 2713 634 2791 στρατοῦ
692 2707 1052 2791 φθαρέντος.
1142 2713 1248 2774 011.
1298 2718 1451 2775 868:
1516 2709 1678 2791 οἴμοι
1737 2711 2020 2790 πανοίμοι
2081 2701 2377 2770 δεσπότου
2437 2727 2540 2768 πε-

382 2811 752 2894 πληγμένου,
814 2811 977 2890 οἴμοι
1034 2805 1168 2890 μάλ’
1227 2802 1414 2886 αὖθις
1471 2812 1536 2875 ἐν
1594 2813 1817 2894 τρίτοις
1872 2809 2392 2895 προσφθέγμασιν.
2455 2845 2539 2858 --

379 2919 546 2979 Pers.
582 2921 732 2978 515:
778 2914 842 2977 οἲ
878 2907 983 2995 ’γαὶ
1029 2910 1273 2976 τάλαινα
1317 2915 1841 2997 διαπεπραγμένου
1886 2917 2157 2998 στρατοῦ.
2201 2948 2288 2960 —-
2329 2916 2535 2994 Atque

379 3025 449 3080 ut
490 3019 908 3099 perspiciatur,
954 3037 1134 3100 quam
1161 3039 1306 3081 vere
1349 3040 1460 3095 ego
1506 3020 1918 3080 contenderim
1952 3020 2027 3100 ab
2057 3017 2358 3096 Aeschylo
2401 3015 2537 3076 loco

382 3123 546 3183 nullo
605 3122 926 3183 articulum
983 3122 1207 3200 apponi
1267 3123 1648 3184 substantivo
1701 3122 1766 3182 in
1811 3121 2091 3197 genetivo
2137 3119 2536 3182 exclamativo

381 3226 577 3304 posito
622 3226 740 3285 nisi
786 3244 890 3299 eo,
936 3224 1041 3284 ubi
1087 3230 1410 3285 excusatur
1452 3225 1772 3303 participio
1817 3225 1981 3303 Sept.
2031 3230 2180 3298 580,
2228 3221 2537 3301 exemplis,

382 3347 771 3409 quaecunque
813 3327 1052 3401 inveni,
1097 3332 1238 3387 utar
1278 3330 1444 3388 Pers.
1491 3328 1647 3388 722:
1706 3313 1757 3385 οἷ
1800 3319 1990 3387 πόποι
2034 3324 2251 3403 κεδνῆς
2294 3316 2539 3405 οἲρωγῆς

380 3424 782 3509 κάπικουρίας
826 3426 1102 3508 στρατοῦ.
1190 3430 1273 3490 ib.
1321 3435 1477 3490 909:
1536 3426 1672 3488 αἰαῖ
1707 3427 1923 3498 κεδνᾶς
1966 3421 2168 3501 ἀλκᾶς.
2255 3429 2336 3489 ib.
2384 3432 2541 3487 962:

384 3525 434 3591 οἲ
480 3524 532 3592 αἲ
590 3525 758 3617 δᾴων
815 3532 1039 3611 (Schol.
1088 3533 1202 3592 M.:
1267 3528 1671 3591 διακοπτικῶν
1729 3528 2027 3608 πολεμίων
2085 3530 2334 3610 κακῶν).
2423 3532 2537 3604 Ag.

389 3638 582 3696 1259:
643 3626 747 3707 lai,
807 3629 1024 3715 πάτερ,
1083 3635 1197 3694 σοῦ’
1256 3635 1380 3694 σοῖν
1424 3653 1484 3693 τε
1526 3633 1816 3715 γενναίων
1859 3629 2096 3693 τέκνων.
2185 3635 2292 3695 oh.
2346 3636 2539 3692 1004:

382 3734 517 3797 αἰαῖ
553 3732 773 3814 μελέων
815 3734 1024 3818 ἔργων.
1070 3771 1154 3782 —-
1210 3738 1376 3797 Pers.
1429 3742 1583 3796 899:
1643 3728 1874 3810 ὄτοτοῒ,
1934 3734 2205 3813 βασιλεῦ,
2266 3734 2542 3813 στρατιᾶς

382 3830 620 3918 ἀγαθῆς
663 3836 762 3898 καὶ
802 3834 1198 3921 Περσονόμου
1241 3841 1416 3917 τιμῆς
1460 3830 1737 3918 μεγάλης,
1782 3832 2013 3915 κόσμου
2050 3831 2096 3896 τ’
2126 3831 2387 3917 ἀνδρῶν,
2433 3828 2542 3907 οὓς

383 3941 493 3999 νῦν
550 3938 777 4019 δαίμων
836 3937 1150 4023 ἐπέκειρεν.
1241 3944 1406 4003 Pers.
1456 3946 1612 4002 443:
1676 3938 1739 4000 οἲ
1780 3932 1873 4020 ’γή
1916 3934 2161 4000 τάλαινα
2220 3938 2542 4018 συμφορᾶς

380 4045 589 4122 κακῆς.
670 4043 809 4121 (His
851 4045 1003 4106 locis
1046 4045 1092 4104 ii
1138 4065 1288 4126 quos
1319 4045 1495 4105 modo
1541 4043 1734 4122 posui,
1781 4048 1922 4103 sunt
1963 4041 2327 4120 adjungendi
2372 4042 2541 4101 Pers.

382 4152 523 4207 281.
570 4148 678 4207 ch.
711 4152 851 4208 868.
897 4180 982 4192 -
1026 4150 1192 4208 Pers.
1227 4151 1369 4223 515,
1415 4146 1521 4209 ubi
1566 4145 1955 4230 participium
1999 4148 2091 4206 est
2132 4142 2475 4227 adjectum.)
