3017 4759
1270 261 1700 326 mm..-

405 421 656 479 obscura
699 422 841 477 sunt
885 438 1040 497 quae
1083 417 1235 477 dicit
1277 417 1739 477 Schiitzius:
1785 418 2097 492 „Saronici
2139 420 2284 481 freti
2328 420 2564 500 conspi-

366 588 371 595 ,
406 541 579 581 cuum
623 518 993 595 fastigium.“
1080 519 1599 580 Blomfieldus
1643 519 1847 598 (gloss.
1895 522 1970 581 ad
2012 523 2129 598 Ag.
2175 542 2220 583 8.
2252 523 2373 602 v.):
2416 544 2563 597 „xa-

401 643 468 683 το
486 617 627 683 πτό
643 643 674 693 ς
718 621 1055 700 (accentum
1101 623 1264 702 quod
1319 623 1396 681 ad
1449 622 1769 683 libidinem
1812 624 2104 699 mutavit,
2170 622 2453 706 quoniam
2496 627 2563 686 in

400 733 579 788 textu
621 726 825 805 posuit
869 718 1200 801 κάτοπτον,
1261 726 1329 785 in
1373 726 1638 787 transitu
1682 727 2052 808 castigarim)
2096 729 2241 810 „qui
2284 728 2560 807 despicit.

402 822 701 889 κατοπτὸν
745 828 1107 908 Σαρωνικοῦ
1151 829 1440 907 πορθμοῦ
1496 830 1656 889 unde
1700 829 2019 891 Saronicus
2082 830 2250 891 sinus
2295 832 2562 911 prospici

402 935 660 1011 potest.“
705 965 790 976 —-
832 932 1226 1008 Engerus:
1271 931 1476 1009 (gloss.
1526 931 1601 991 ad
1630 934 1744 1007 Ag.
1783 953 1827 993 8.
1860 932 1948 1012 v.)
1990 925 2290 1003 κᾶτοπτος
2334 933 2561 1008 „sicht-
2671 1010 2680 1019 -

404 1038 569 1109 bar“,
612 1027 910 1106 κᾶτοπτος
952 1054 1001 1095 c.
1049 1025 1198 1110 gen.
1230 1033 1914 1110 ,‚gegeniiberliegend“.
2001 1036 2363 1100 Inveniatur
2378 1084 2394 1112 ‚
2456 1037 2563 1118 qui

405 1140 623 1217 probet
656 1157 797 1197 eam
838 1137 1156 1196 rationem.
1184 1171 1285 1199 .—
1402 1208 1409 1214 ,
2473 1214 2486 1223 „

569 1239 759 1300 Haec‘
782 1260 891 1315 ego
937 1240 1082 1300 dum
1117 1239 1318 1301 animo
1351 1241 1746 1318 complector,
1792 1239 2320 1305 Schneidewinum
2350 1243 2561 1317 solum,

404 1340 512 1422 qui
553 1341 960 1419 explicatione
1003 1345 1212 1401 utatur
1243 1341 1614 1403 Scholiastae
1643 1344 1760 1402 M.:
1806 1335 1870 1402 τό
1917 1336 2217 1419 κατόψιον
2237 1392 2253 1416 ,
2297 1366 2425 1407 rem
2469 1367 2561 1405 sa-

401 1443 483 1504 tis
528 1448 733 1522 aperte
779 1449 843 1504 et
870 1444 1186 1524 perspicue
1232 1446 1489 1506 enodare
1536 1466 1645 1522 ego
1684 1446 1945 1508 confido:
1991 1448 2157 1521 „Der
2185 1441 2377 1526 πραὶν,
2426 1448 2561 1510 eine

403 1568 543 1607 vom
588 1547 760 1607 Meer
804 1547 1321 1625 emporsteigende
1364 1548 1713 1623 Felskiiste‚
1781 1550 1912 1609 8011
1925 1555 2052 1610 aut
2094 1551 2184 1610 als
2227 1544 2562 1628 τηλεφανὴς

403 1642 634 1709 σκοπιαὶ
685 1648 929 1711 hinab
990 1650 1125 1709 auf
1175 1650 1293 1709 den
1349 1650 1576 1713 weiten
1632 1650 2033 1713 Saronischen
2077 1654 2278 1714 Busen
2332 1652 2561 1714 κατό-

400 1765 579 1827 ψιος
620 1753 729 1811 τοῦ
773 1753 1169 1832 πορθμοῦ,
1212 1753 1331 1816 wie
1375 1753 1589 1832 Eurip.
1634 1754 1885 1834 Hippol.
1921 1760 2031 1815 30:
2091 1751 2279 1836 πέτρα
2324 1750 2558 1817 Παλλά-

402 1853 526 1927 δος,
574 1849 869 1931 κατόψιος
913 1854 1022 1935 γῆς
1064 1852 1240 1931 τῆσδε
1281 1856 1407 1932 vgl.
1438 1856 1648 1916 Valck.
1687 1857 1836 1917 Stat.
1872 1857 2026 1919 fluv.
2062 1863 2120 1933 2,
2166 1864 2222 1933 2,
2270 1864 2341 1919 3:
2401 1861 2561 1921 celsa

400 1957 723 2018 Dicarchei
779 1957 1150 2036 speculatrix
1207 1957 1361 2020 villa
1415 1959 1704 2037 profundi
1720 2005 1738 2034 ‚
1800 1960 2027 2040 Hymn.
2081 1961 2261 2022 Hom.
2312 1965 2387 2021 18
2405 2008 2422 2037 ‚
2480 1967 2553 2023 11

402 2054 649 2141 κορυφή
691 2052 1125 2138 μηλοσκόπος.“
1173 2095 1258 2106 --

570 2166 909 2225 Adsecutus
955 2168 1049 2223 est
1090 2164 1360 2242 profecto
1406 2166 1747 2242 conjectura
1788 2165 1890 2228 vir
1932 2165 2314 2227 doctissimus
2361 2167 2557 2245 adjec-

398 2267 598 2331 tivum
633 2267 883 2329 verbale
925 2265 993 2324 in
1041 2300 1120 2309 -—
1165 2285 1267 2335 τος
1311 2265 1522 2326 exiens
1568 2267 1767 2328 activo
1797 2267 2065 2345 positum
2093 2268 2413 2330 intellectu
2456 2291 2557 2346 30-

398 2369 675 2431 netivum
716 2389 893 2447 posse
951 2368 1068 2430 sibi
1112 2370 1426 2429 adsumere
1468 2373 1541 2429 ut
1584 2371 1887 2447 permulta
1927 2370 2038 2430 illa
2081 2391 2264 2450 supra
2307 2393 2343 2432 a
2382 2371 2558 2434 nobis

400 2475 692 2536 advocata
734 2470 1051 2550 adjectiva.
1094 2506 1181 2516 —-
2251 2460 2270 2479 ¹

569 2576 700 2642 Quo
747 2579 947 2636 autem
987 2578 1122 2652 jure
1182 2576 1300 2636 hoc
1352 2575 1441 2636 ita
1485 2576 1623 2637 fieri
1666 2597 1843 2656 posse
1889 2577 2189 2653 significet
2231 2577 2556 2639 Schneide-

395 2680 611 2754 winus,
657 2679 723 2739 id
760 2681 884 2756 jam
927 2677 1172 2738 uberius
1205 2699 1409 2739 sumus
1442 2679 1845 2758 explanaturi.
1890 2715 1975 2724 —
2018 2681 2341 2758 Adjectiva
2367 2680 2559 2755 igitur

397 2782 669 2842 verbalia
725 2781 792 2840 in
846 2814 929 2824 --
979 2801 1080 2851 τος
1126 2782 1401 2842 cadentia
1445 2783 1797 2862 saepissime
1842 2785 2003 2863 apud
2042 2785 2415 2863 Aeschylum
2460 2803 2555 2843 ac-

398 2883 595 2946 tivum
638 2885 862 2943 habere
904 2882 1283 2944 intellectum
1326 2884 1547 2946 mirum
1608 2891 1700 2947 est
1743 2887 1905 2967 quod
1946 2907 2121 2947 nemo
2162 2887 2306 2948 dum
2360 2885 2555 2945 fusius

401 2982 855 3048 demonstravit.

570 3090 664 3149 En
707 3088 988 3166 exempla
1030 3093 1123 3149 sat
1164 3092 1386 3151 multa:

568 3184 822 3271 ρὐτός.
911 3194 1025 3267 Α3.
1078 3196 1240 3252 1362
1287 3190 1496 3272 (ρύτᾶς
1542 3190 1601 3266 ἐξ
1651 3185 1837 3275 ἁλός).
1926 3196 2100 3256 Eum.
2148 3199 2303 3255 448:
2350 3192 2554 3273 ῥυτοῖς

395 3286 610 3375 πόροις
679 3294 888 3374 (8οῙ111κ
947 3294 1044 3353 El.
1101 3299 1256 3355 894:
1331 3289 1690 3377 νεορρύτους
1754 3291 1990 3378 πηγάς).
2111 3291 2553 3377 πολύρυτος

396 3399 604 3476 Suppl.
642 3401 781 3458 812.

567 3497 1001 3581 ἐπίρρυτος.
1087 3502 1261 3563 Eum.
1298 3507 1419 3562 889
1465 3497 1723 3583 (καρπόν
1763 3504 1851 3550 -’-
1886 3500 2243 3585 ἐπίρρυτον).
2332 3494 2552 3584 ἇγνό-

394 3623 572 3682 ρυτος
630 3606 730 3664 Pr.
770 3608 925 3664 436:
991 3595 1340 3687 ἆγνορῦτων
1399 3607 1704 3685 ποταμῶν.
1812 3599 2250 3687 ἇλίρρυτος.
2339 3609 2549 3687 Suppl.

397 3704 547 3767 836:
607 3697 925 3787 ἁλίρρυτον
971 3700 1164 3778 ἄλσος.
1255 3710 1480 3769 Contra
1523 3710 1765 3788 passive
1827 3716 1921 3772 est
1963 3711 2377 3790 accipiendum
2423 3731 2550 3769 πε-

394 3806 756 3888 ρίρρυτος.
844 3812 1020 3871 Eum.
1055 3810 1168 3871 77:
1226 3805 1584 3891 περιρρύτας
1627 3805 1830 3883 πόλεις
1874 3814 2055 3893 (conf.
2102 3813 2549 3874 adnotationem

394 3910 690 3988 Stanleii).
779 3905 1296 3991 χρυσόρρυτον
1339 3915 1497 3991 νᾶμα
1542 3917 1641 3976 Pr.
1678 3921 1819 3978 804.
1910 3909 2340 3997 φονόρυτος
2383 3916 2547 3998 Sept.

398 4017 552 4074 915:
599 4011 739 4096 γαίᾳ
785 4007 1118 4100 φονορύτῳ.
