3017 4759
1305 263 1778 328 -108—

639 420 754 480 Sed
815 425 884 479 ut
944 420 1151 480 redeat
1221 419 1381 480 unde
1454 421 1690 482 deflexa
1761 425 1853 481 est
1918 420 2271 499 disputatio,
2339 421 2556 502 quonia

466 522 983 583 Hermannianam
1025 524 1494 602 interpungendi
1525 525 1820 585 rationem
1862 523 2009 584 ferri
2040 544 2161 584 non
2190 544 2366 602 posse
2394 528 2638 603 patent,·

465 625 810 700 genetivum
856 627 1137 687 debemus
1170 632 1517 688 construere
1548 648 1683 689 cum
1711 621 2099 704 μεμνημένος.
2169 627 2421 688 Accedit
2464 627 2658 717 qnod-

469 730 667 807 codex,
702 729 1006 790 Mediceus
1053 730 1279 790 omittit
1320 736 1527 790 notam
1572 709 1996 791 distinctionis.
2043 761 2123 773 -
2183 728 2442 809 Reliqua
2485 732 2625 788 sunt

470 832 775 910 exempla:
821 832 987 893 Pers.
1023 836 1178 893 815:
1222 825 1516 909 μέμνησθ’
1542 824 1824 911 Ἀθηνῶν
1855 823 2136 905 Ἑλλάδος
2178 850 2257 892 τε.
2328 833 2435 893 ch.
2476 835 2623 891 110:

466 937 593 1003 τοῖς
637 929 850 1003 αἰτίοις
894 934 1005 993 νῦν
1048 934 1158 994 τοῦ
1201 928 1400 1009 φόνου
1445 930 1804 1013 μεμνημένη.
1870 935 1952 996 ib.
1985 933 2141 997 478:
2184 929 2444 1013 μέμνητο
2488 935 2624 993 λου·

467 1036 644 1115 τρῶν.
736 1036 1037 1097 Pr.‘524:
1084 1029 1264 1098 ἄλλον
1307 1031 1491 1117 λόγου
1537 1033 1858 1115 μέμνησθε.
2667 1100 2678 1113 „

638 1137 700 1218 y)
746 1144 961 1219 quater
1017 1141 1393 1203 accusativus
1451 1141 1626 1222 isque
1678 1139 1768 1202 rei
1813 1139 2019 1219 Suppl.
2070 1144 2225 1201 195:
2282 1138 2628 1217 μεμνῆσθαι

466 1235 645 1299 σέθεν
692 1233 902 1313 κεδνοὶς
947 1237 1222 1321 ἐφετμάς.
1297 1245 1403 1304 ch.
1435 1245 1591 1305 479:
1637 1238 1895 1319 μέμνητο
1941 1233 1996 1303 δ’
2041 1236 2494 1322 ἀμφίβληστρον
2537 1273 2625 1285 -
2667 1256 2676 1265 “

469 1344 844 1406 accusativus
888 1345 1161 1405 neutrius
1204 1345 1583 1423 pronominis
1627 1347 1729 1406 Pr.
1777 1345 1969 1406 1070:
2014 1336 2134 1404 ἄλλ’
2178 1329 2287 1404 οὖν
2329 1333 2626 1421 μέμνησθ’

469 1437 594 1527 ἆγῶ
640 1442 923 1527 προλέγω.
1013 1452 1127 1523 Ag.
1178 1447 1330 1508 794:
1389 1440 1462 1508 τοὶ
1507 1441 1560 1508 δ’
1604 1444 1665 1519 ές
1719 1439 1785 1508 τδ
1841 1440 1950 1507 σδν
1995 1439 2282 1528 φρόνημα
2325 1441 2628 1523 μέμνημαι

468 1540 667 1607 κλύων
711 1548 1102 1627 (objectivum
1145 1555 1208 1609 et
1246 1550 1321 1609 ad
1353 1546 1655 1628 μέμνημαι
1686 1557 1746 1612 et
1774 1553 1850 1613 ad
1879 1544 2075 1611 κλύων
2106 1550 2372 1630 pertinet
2400 1550 2628 1627 „verba

468 1657 590 1725 tua,
637 1652 854 1733 quibus
894 1652 1038 1733 quid
1069 1653 1295 1713 sentias
1325 1654 1598 1732 exponis,
1644 1654 1894 1714 audiens
1936 1658 2113 1713 teneo
2157 1653 2224 1713 in
2253 1650 2626 1729 memorial‘).

639 1754 1035 1818 Accusativus
1094 1776 1503 1834 personae,
1566 1775 1744 1837 quem
1787 1757 2088 1816 Homerus
2141 1756 2244 1835 (cf.
2286 1756 2377 1815 La
2416 1753 2628 1814 Roche

466 1856 900 1931 „Homerische
942 1858 1232 1918 Studien“
1274 1892 1358 1902 —
1419 1857 1545 1918 Der
1588 1859 1912 1920 Accusativ
1970 1858 2052 1917 im
2110 1859 2341 1918 Homer
2383 1878 2438 1935 p.
2478 1855 2628 1935 167)

467 1959 698 2019 duobus
740 1960 887 2020 locis
932 1960 1179 2022 adhibet
1219 1960 1294 2020 11.
1331 1961 1435 2036 VI,
1482 1966 1605 2021 222
1670 1963 1956 2022 abhorret
1999 1963 2074 2021 ab
2119 1960 2453 2039 Aeschyleo
2500 1978 2628 2018 ser·
2686 1990 2696 2015 ι

466 2081 662 2122 mone.

642 2162 703 2244 δ)
749 2156 831 2237 οἷς
873 2167 1171 2246 particula
1214 2169 1378 2228 Pers.
1415 2173 1565 2229 285:
1612 2165 1954 2246 μεμνῆσθαί
1994 2187 2085 2226 τοι
2128 2159 2310 2246 πάρα,
2357 2155 2440 2235 οὖς
2484 2164 2630 2223 πολ·
2687 2162 2700 2173 “

467 2259 573 2338 λᾶς
622 2267 938 2349 Περσίδων
982 2304 1058 2314 -
1110 2266 1350 2330 ἔκτισαν
1392 2264 1647 2342 εὔνιδας.

640 2370 692 2449 ε)
736 2373 1076 2437 infinitivus
1118 2374 1425 2451 „cogitare
1469 2374 1697 2456 aliquid
1741 2375 1978 2434 facere“
2022 2371 2227 2450 Suppl.
2278 2375 2428 2433 192:
2481 2363 2629 2445 μέμ-

469 2487 616 2550 νησο
662 2465 716 2531 δ’
759 2473 954 2535 εἴκειν.

640 2578 760 2637 Per
802 2598 865 2638 se
911 2584 1003 2639 est
1044 2580 1305 2657 positum
1349 2576 1650 2657 μέμνημαι
1694 2581 1803 2642 ch.
1849 2584 2006 2638 662:
2052 2575 2359 2645 πανδίκως
2402 2593 2626 2651 μεμνη-

468 2672 645 2754 μένος
686 2673 958 2739 τεθνεῶτ’
1001 2673 1278 2760 Ὀρέστην
1321 2678 1468 2756 εἰπέ,
1515 2681 1806 2760 μηδαμῶς
1849 2675 2029 2765 λάθῃ.
2118 2683 2291 2740 Eum.
2325 2684 2435 2740 882
2479 2671 2628 2753 μέμ-

467 2793 614 2856 νησο
658 2774 741 2859 μή
787 2776 985 2859 φόβος
1028 2799 1090 2842 σε
1134 2777 1354 2844 νικάτω
1400 2780 1641 2865 φρένας.
1708 2786 1809 2846 Pr.
1845 2788 1997 2846 820:
2041 2778 2334 2861 μέμνησαι
2376 2774 2444 2840 δέ
2483 2798 2627 2839 που.
2687 2784 2698 2837 ἰ

639 2885 983 2963 Composita
1030 2892 1272 2948 exstant
1313 2888 1492 2950 haec:

642 2982 1217 3068 ἐπιμνήσασθαι
1279 2991 1688 3066 „mentionem
1729 2992 1928 3052 facere
1972 2991 2225 3067 alicujus
2265 2987 2396 3049 rei“
2440 3006 2626 3062 gene-

467 3090 658 3153 tivum
706 3112 902 3153 secum
946 3095 1133 3156 habet
1175 3095 1282 3154 Oh.
1330 3100 1483 3154 606:
1528 3090 1946 3171 έπεμνησοὶμην
1987 3084 2214 3152 πόνων.

640 3184 1215 3273 ύπομιμνήσκω.
1314 3196 1607 3257 activum:
1666 3197 1832 3257 Pers.
1883 3199 2039 3256 965:
2096 3185 2276 3274 ἴυγγᾶ
2335 3213 2437 3270 μοι
2495 3186 2626 3268 δῆτ’
2689 3176 2698 3185 “

468 3287 721 3374 ἀγαθῶν
751 3291 977 3377 ἑτάρων
1008 3289 1492 3378 ύπομιμνήσκεις.
1561 3300 1731 3359 Haec
1773 3305 1898 3359 tam
1939 3297 2262 3373 singularis
2290 3298 2435 3377 (dat.
2465 3316 2624 3376 pers.

470 3405 531 3459 et
560 3419 681 3459 acc.
711 3400 827 3478 rei)
874 3407 1175 3464 structura
1216 3404 1351 3482 ipsa
1395 3423 1517 3462 non
1565 3402 1760 3463 minus
1805 3421 1984 3482 quam
2026 3420 2235 3463 versus
2280 3400 2625 3478 strophicus

469 3503 643 3562 docet
698 3504 815 3564 hoc
858 3507 1112 3566 verbum
1168 3526 1297 3566 esse
1341 3504 1637 3580 glossema
1691 3505 1844 3565 alius
1886 3503 2090 3578 verbi,
2151 3523 2337 3583 quare
2379 3502 2626 3582 scripsit

467 3606 852 3667 Hermannns
898 3599 1217 3687 ύπορίνεις,
1263 3607 1613 3669 Dindorfius
1657 3599 2032 3681 ύποφαίνεις.

640 3709 948 3789 passivi
1006 3711 1262 3771 aoristus
1322 3709 1756 3789 (,‚mentionem
1799 3711 2061 3789 facere“)
2123 3729 2257 3770 cum
2314 3710 2623 3789 praeposi-

468 3813 633 3872 tione
693 3812 830 3894 περί
883 3813 1088 3874 addita
1146 3814 1427 3888 genetivo
1489 3816 1582 3873 est
1624 3813 1874 3890 positus.
1962 3815 2127 3874 Pers.
2176 3813 2329 3873 327:
2389 3804 2626 3873 τοιῶνδ’

467 3906 770 3993 ἀρχόντων
812 3907 1213 3995 ὑπεμνήσθην
1256 3912 1412 3996 πέρι.

641 4012 1085 4094 μνημονεύω
1131 4019 1381 4080 arcessit
1422 4018 1774 4094 genetivum
1816 4018 1905 4079 rei
1951 4018 2115 4078 Pers.
2158 4017 2312 4079 774:
2357 4009 2433 4077 ού
2477 4038 2624 4095 μνη-
2711 4098 2720 4107 Ι

472 4110 709 4192 μονεύει
747 4113 851 4189 τοὶς
893 4114 1040 4197 ἐμοῖς
1082 4114 1411 4194 ἐπιστολάς.
