3017 4759
1260 342 1687 407 -39-

325 577 336 585 ἡ
393 487 681 570 Ἀθάνας,
730 497 888 576 quod
937 497 1078 577 quid
1126 496 1207 557 sit
1236 497 1434 559 Schol.
1465 500 1550 559 M.
1598 500 1899 577 explanat.
1971 499 2065 558 Ad
2111 498 2566 557 translationem

397 598 646 678 propius
691 600 923 660 accedit
963 602 1077 675 Ag.
1116 605 1268 661 961:
1315 594 1493 671 νόσος
1537 595 1648 682 γάρ
1687 598 1697 684 Ι
1738 600 1944 680 γείτων
1974 591 2290 679 ὁμότοιχος
2336 596 2560 680 ἐρείδει.

568 704 709 764 Non
755 701 965 762 dubito
1011 704 1131 763 huc
1174 704 1404 763 referre
1694 768 1698 773 ,

571 801 980 881 έφέστιος.”
1015 807 1186 865 Eum.
1223 805 1381 865 5673
1426 801 1546 865 ἔστι
1591 798 1705 885 γάρ
1751 798 1957 880 δόμων
1994 801 2006 887 Ι
2046 800 2244 881 ἱκέτης
2286 796 2377 864 ὅδ’
2408 796 2560 885 άνήρ

397 904 509 967 καὶ
546 900 752 995 δόμων
795 902 1088 983 ἐφέστιος.
1176 908 1256 969 ib.
1308 912 1463 968 6593
1522 904 1622 967 καὶ
1681 899 1840 967 τόνδ’
1884 904 2129 984 ἔπεμψα
2189 909 2311 966 σῶν
2357 901 2562 985 δόμων

397 1007 686 1086 ἐφέστιον.
774 1011 980 1090 Suppl.
1029 1016 1187 1073 4863
1250 1004 1480 1089 ναύτην
1525 1005 1778 1092 ἄγοντας
1837 1003 1997 1071 τόνδ’
2042 1006 2315 1085 ἐφέστιον
2374 1010 2559 1069 θεῶν.

397 1115 605 1193 Suppl.
633 1119 787 1175 350:
833 1106 1003 1174 οὔτοι
1037 1107 1324 1192 κάθησθε
1355 1108 1650 1191 δωμάτων
1681 1110 1943 1190 ἐφέστιοι
1971 1110 2151 1191 ἐμῶν.
2214 1113 2414 1174 Schol.
2444 1115 2562 1172 M.:

399 1211 471 1277 οὐ
520 1208 674 1296 πρὸς
717 1208 827 1294 τὴν
871 1212 1068 1277 έστίαν
1112 1219 1230 1283 τῶν
1275 1213 1436 1294 έμῶν
1466 1210 1760 1294 δωμάτων
1803 1219 1921 1278 κτλ.
1954 1252 2041 1263 --
2084 1218 2191 1278 ch.
2228 1220 2410 1291 1035,
2455 1216 2562 1276 ubi

397 1322 479 1381 M.
528 1322 739 1380 habet:
800 1311 931 1378 οὐδ’
990 1311 1085 1393 ἐφ’
1139 1315 1330 1387 έστίον
1383 1317 1393 1404 Ι
1448 1311 1632 1397 ἄλλην
1687 1315 2020 1401 τραπέσθαι
2065 1316 2296 1390 Λοξίας
2340 1315 2559 1394 ἐφίετο,

396 1424 710 1483 Turnebus
752 1422 1022 1482 restituit
1067 1414 1160 1495 ἐφ’
1190 1417 1401 1481 ἑστίαν.
1473 1424 1896 1502 Metaphorice
1934 1422 2156 1483 dicitur
2199 1422 2272 1482 de
2318 1442 2385 1482 re
2428 1421 2559 1495 „in-

396 1527 717 1586 habitans“
759 1527 922 1604 Sept.
972 1530 1125 1585 8333
1171 1518 1351 1585 πόνοι
1394 1518 1598 1585 πόνων
1640 1519 1849 1602 δόμων
1894 1520 2154 1601 ἐφέστιοι
2199 1525 2398 1586 Sobel.
2444 1525 2557 1585 M.:

398 1626 553 1690 οἰκεῖ
578 1625 641 1689 ἐν
670 1626 810 1711 τῇδε
838 1629 913 1711 τῇ
941 1623 1102 1711 έστίᾳ
1131 1623 1234 1687 καὶ
1262 1631 1388 1698 τοῖς
1414 1625 1607 1698 οἴκοις
1630 1620 1881 1699 τούτοις.
1908 1662 1993 1673 —-
2021 1628 2311 1710 Reliquis,
2345 1628 2560 1708 quibus

399 1732 665 1794 cernitur
683 1731 851 1804 locis,
890 1736 1053 1791 caret
1077 1731 1357 1806 genetivo
1382 1731 1545 1809 Sept.
1566 1732 1665 1792 73.
1699 1735 1811 1807 Ag.
1835 1736 1975 1806 815,
2007 1736 2188 1792 1264.
2221 1733 2393 1792 Eum.
2422 1735 2558 1790 169.

567 1830 967 1906 ξυνέστιος
1011 1835 1373 1898 substantivi
1417 1840 1780 1914 potestatem
1815 1836 2057 1898 videtur
2099 1836 2380 1916 adeptum
2426 1854 2556 1894 esse

395 1941 556 2018 Sept.
607 1939 760 2000 756:
822 1934 959 1998 θεοὶ
1017 1935 1121 1997 καὶ
1179 1935 1469 2010 ξυνέστιοι
1521 1937 1532 2021 Ι
1586 1933 1797 2009 πόλεος
1858 1931 1894 1998 ό
1938 1930 2274 2016 πολύβοτός
2316 1928 2361 1996 τ’
2408 1928 2559 1995 αἰῶν

398 2042 648 2122 βροτῶν.
756 2042 1034 2102 Ceterum
1100 2042 1174 2100 de
1232 2043 1385 2104 Jove
1453 2042 1675 2102 dicitur
1736 2061 1875 2102 arae
1933 2043 2295 2103 domesticae
2359 2043 2558 2100 tutore

398 2149 509 2222 Ag.
559 2145 712 2205 6793
757 2142 1059 2215 ξυνεστίου
1105 2136 1269 2215 Διός.

567 2249 886 2325 Adjectiva
930 2248 1446 2329 propinquitatem
1489 2248 1899 2324 designantia:

568 2344 900 2428 ὅμαιμος
958 2372 1158 2413 casum
1204 2352 1555 2426 genetivum
1598 2351 2013 2412 tantummodo
2058 2349 2342 2411 adsciscit
2383 2351 2555 2409 Eum.

407 2457 554 2515 5953
614 2446 725 2514 οὔκ
770 2442 846 2531 ἦν
891 2448 1148 2532 ὅμαιμος
1192 2446 1396 2529 φωτός
1456 2447 1530 2514 δν
1573 2450 1966 2514 κατέκτανειν.
2058 2453 2332 2533 proximo
2378 2471 2558 2513 versu

406 2563 556 2618 5963
601 2551 713 2638 έγῶ
747 2554 810 2617 δὲ
838 2550 1058 2639 μητρός
1099 2559 1206 2634 τῆς
1250 2553 1397 2634 ἐμῆς
1443 2553 1521 2617 έν
1567 2554 1861 2635 αἵματις
1907 2559 2066 2639 quod
2109 2557 2269 2616 idem
2312 2574 2557 2635 prorsus

399 2667 490 2722 est
547 2666 727 2743 atque
787 2654 900 2741 έγῶ
965 2655 1028 2721 δὲ
1087 2654 1311 2741 μητρός
1366 2660 1472 2737 τῆς
1518 2656 1664 2739 έμῆς
1709 2653 1996 2738 ὅμαιμος,·
2059 2680 2236 2741 quam
2297 2661 2372 2719 ob
2429 2678 2557 2719 rem

397 2764 716 2844 adscripsit
759 2765 956 2829 Schol.
997 2767 1113 2825 M.:
1176 2757 1288 2844 ἐγώ
1351 2750 1464 2823 οὖν
1523 2756 1559 2824 ὅ
1574 2758 1818 2841 μαιμό
1832 2785 1863 2835 ς
1925 2760 2045 2842 εἰμι
2101 2765 2175 2848 τῇ
2235 2759 2425 2842 μητρί.
2471 2795 2555 2805 -

399 2869 561 2935 Quin
622 2868 804 2928 etiam
862 2868 1178 2942 genetivus
1238 2867 1540 2947 reperitur
1597 2867 1973 2945 pronominis
2030 2867 2363 2947 personalis
2422 2884 2556 2924 cum

395 2972 512 3032 hoc
556 2971 854 3048 adjectivo
894 2971 1318 3034 consociatum.
1384 2971 1590 3051 Suppl.
1628 2971 1744 3031 457
1763 2993 1779 3031 3
1824 2961 2102 3048 ὅμαίμοις
2130 2966 2339 3029 παισὶν
2369 2960 2556 3048 Αἰγύ-

397 3095 552 3134 πτου
608 3070 800 3133 σέθεν.
846 3108 932 3119 ——
990 3073 1120 3134 sine
1180 3073 1462 3150 genetivo
1521 3074 1843 3134 adhibetur
1884 3073 2047 3151 Sept.
2095 3079 2252 3133 664:
2310 3062 2557 3151 άνδροῖν

395 3170 448 3234 δ’
492 3169 791 3255 ὁμαίμοιν.
881 3178 1087 3258 Suppl.
1121 3183 1275 3238 215:
1322 3174 1560 3258 ἐχθρῶν
1595 3168 1871 3254 ὁμαίμων
1913 3173 2016 3235 καὶ
2061 3169 2421 3254 μιαινόντων
2461 3169 2555 3254 γέ-

393 3301 499 3351 νος
543 3281 766 3359 (Schol.
812 3282 924 3342 M.:
986 3281 1105 3340 τῶν
1149 3282 1447 3362 συγγενῶν
1490 3272 1662 3360 ὑμῖν)
1708 3281 1915 3360 Suppl.
1964 3285 2104 3342 624.
2151 3313 2235 3325 --
2278 3277 2554 3353 Singula-

393 3383 545 3445 riter
588 3385 913 3463 apponitur
957 3385 1307 3447 adverbium
1347 3377 1538 3466 κάρτα
1570 3386 1648 3465 (v.
1683 3385 1903 3464 supra).
1970 3385 2131 3464 Sept.
2167 3388 2322 3443 9163
2365 3373 2554 3461 κάρτα

396 3477 449 3543 δ’
493 3478 596 3545 εἷ’σ’
640 3480 903 3564 ὅμαιμοι.
969 3489 1141 3548 Eum.
1176 3493 1332 3549 2103
1396 3480 1512 3547 οὔκ
1557 3480 1632 3546 ἂν
1676 3478 1907 3567 γένοιθ’
1959 3481 2216 3563 ὅμαιμος
2258 3476 2556 3561 αὐθέντης

396 3582 604 3663 φόνος.
693 3590 775 3649 ib.
824 3594 978 3652 6433
1024 3584 1087 3649 τό
1138 3583 1362 3671 μητρός
1408 3581 1530 3667 αἷμ’
1578 3583 1854 3667 ὅμαιμον.
1944 3590 2145 3669 Suppl.
2179 3595 2338 3650 432:
2384 3581 2555 3665 ὅμαι-

395 3711 511 3767 μον
541 3683 707 3768 αἷμα,
753 3692 827 3752 ad
874 3712 1053 3773 quam
1097 3694 1352 3768 figuram
1396 3694 1634 3754 dicendi
1679 3695 1982 3755 conferas:
2028 3695 2193 3754 Pers.
2227 3694 2382 3754 702:
2426 3688 2553 3768 βίο-

393 3814 497 3852 τον
542 3788 820 3852 εὐαίωνα.
895 3796 995 3854 Pr.
1031 3799 1189 3856 8983
1235 3790 1717 3868 δυσπλάνοις
1760 3831 1844 3841 —-
1889 3789 2201 3866 ἀλατείαις.
2280 3796 2363 3854 ib.
2401 3795 2551 3855 5733

394 3891 860 3971 τηλέπλανοι
916 3890 1154 3962 πλάναι.
1240 3899 1324 3959 ib.
1372 3904 1530 3960 5833
1589 3892 1958 3959 πολύπλανοι
2017 3892 2237 3957 πλάναι
2278 3931 2361 3941 ——
2416 3896 2553 3957 vide

396 4018 547 4079 quae
582 4004 993 4078 exposuerunt
1019 3999 1429 4063 Wecklein.
1476 4002 1628 4062 stud.
1662 4003 1879 4062 Aesch.
1923 4025 1980 4081 p.
2016 4007 2112 4061 52.
2179 4001 2550 4063 Schneidew.

392 4104 467 4162 ad
510 4103 723 4162 Trach.
774 4105 872 4161 81.

564 4195 942 4283 ὄμαίμων3
998 4206 1327 4287 improprie
1370 4206 1620 4285 ponitur
1676 4226 1810 4271 cum
1853 4208 2135 4284 genetivo
2180 4209 2342 4287 Sept.
2398 4211 2549 4271 3343
