3017 4759
1314 364 1400 375 ..-
1487 315 1574 394 62
1659 366 1743 377 -

448 477 589 553 τούς
650 477 838 553 θεούς
880 519 963 531 --
1010 480 1369 564 ἀναφέρεται
1430 487 1659 545 addunt
1703 485 1884 562 reoo.)
1926 519 2011 528 --
2069 484 2230 562 Sept.
2280 488 2432 543 101:
2490 476 2602 542 πά-

446 607 622 666 ταγος
666 581 774 664 οὐχ
825 582 963 658 ἑνός
1005 581 1186 665 δορός
1227 594 1390 647 recte
1437 589 1586 647 dioit
1641 587 1994 647 Schuetzius
2052 586 2358 647 subaudiri
2419 579 2605 644 ἀκού-

448 692 613 765 εται.)
659 723 743 733 -
800 694 913 765 Ag.
963 695 1118 750 446:
1179 687 1241 749 ἐν
1287 683 1338 747 δ’
1383 685 1612 761 άίστοις
1669 687 2015 760 τελέθοντος
2061 682 2223 759 οὔτις
2265 681 2416 748 άλκά
2460 691 2604 762 „ob-

447 793 603 853 souri
650 795 778 870 ejus
824 793 990 851 nulla
1033 795 1143 854 vis
1172 797 1301 853 est“
1348 794 1420 851 of.
1465 793 1747 853 Weckl.
1792 793 2082 865 „Studien
2126 813 2203 852 zu
2233 792 2603 873 Aeschylus“

448 917 504 972 p.
554 901 651 954 23.
697 929 782 940 —
842 896 1114 954 Addatur
1157 896 1360 973 Suppl.
1411 901 1525 953 23:
1591 882 1676 954 aiv
1720 888 1925 967 πόλις,
1987 881 2074 954 ὧν
2116 896 2194 973 γῆ
2248 891 2349 953 καὶ
2394 886 2606 952 λευκόν

447 990 611 1077 ὕδωρ
650 994 659 1080 Ι
699 991 920 1056 ὕπατοί
949 1017 1008 1056 τε
1030 995 1183 1067 θεοί,
1229 995 1329 1057 καὶ
1362 991 1678 1075 βαρύτιμοι
1714 995 1722 1078 Ι
1755 991 1993 1073 χθόνιοι
2022 992 2226 1073 θήκας
2248 993 2604 1074 κατέχοντες,

447 1097 547 1157 καὶ
594 1092 746 1169 Ζεῦς
790 1093 986 1176 σωτήρ
1030 1099 1225 1178 τρίτος
1269 1133 1373 1172 --,
1421 1093 1650 1171 δέξαιθ’
1695 1096 1892 1175 ἱκέτην
1930 1095 1940 1175 Ι
1979 1092 2081 1164 τόν
2123 1132 2206 1143 -
2251 1092 2460 1158 στόλον
2500 1135 2604 1156 --.

445 1205 830 1262 Hermannus
897 1204 1306 1280 comprobavit
1370 1205 1530 1282 quod
1596 1203 1845 1263 exhibet
1910 1203 2099 1262 codex
2157 1203 2492 1263 Robortelli
2556 1189 2605 1261 οἷ

447 1300 618 1374 πόλις
664 1293 712 1365 ὦ
756 1307 847 1385 γῆ.
937 1306 1053 1363 Sed
1099 1326 1219 1384 non
1267 1312 1356 1364 est
1402 1307 1560 1386 quod
1604 1307 1949 1366 recedamus
1994 1324 2030 1364 a
2072 1305 2332 1366 lectione
2379 1306 2600 1366 codicis

448 1409 703 1468 Medioei
751 1395 836 1466 ὧν
865 1394 1187 1479 πόλις,·αἷν
1216 1409 1292 1486 γῆ
1338 1429 1416 1468 so.
1465 1407 1599 1468 ἔστί.
1669 1415 1758 1469 Ao
1800 1409 2013 1469 merito
2062 1410 2392 1487 comparari
2431 1411 2607 1485 jubet

449 1513 772 1586 Burgesius
806 1510 1219 1584 Vergilianum
1263 1510 1399 1597 ‚‚Di‚
1446 1513 1724 1592 quibus
1769 1512 2084 1590 imperium
2132 1518 2248 1572 est
2292 1512 2442 1571 ooeli
2484 1517 2606 1570 ter-

445 1635 668 1694 raeque
712 1614 1014 1693 marisque
1060 1618 1120 1671 et
1162 1614 1503 1673 Ennianum
1548 1615 1856 1692 „.lupiter,
1915 1620 2101 1694 tuque
2145 1616 2320 1673 deum
2380 1634 2605 1673 summe

446 1719 564 1792 Sol,
608 1739 707 1777 res
738 1737 942 1776 omnes
978 1716 1079 1795 qui
1123 1715 1391 1794 inspicis,
1442 1717 1680 1795 Quique
1723 1717 1951 1775 lumine
1987 1723 2091 1776 tuo
2122 1717 2329 1795 maria,
2375 1718 2605 1776 eoelum

447 1841 515 1881 ae
559 1827 780 1880 terram
825 1818 1169 1878 conseris“?

618 1923 733 1982 Sed
779 1944 854 1982 ne
903 1923 1047 2001 quid
1092 1922 1300 1983 videar
1329 1923 1666 1997 negligere,
1713 1924 2026 1998 genetivus
2070 1924 2187 1983 rei
2230 1923 2603 2002 possessivus

449 2033 646 2090 exstat
691 2032 801 2102 Ag.
852 2027 1011 2086 367:

1063 2123 1180 2202 »οὐ
1224 2121 1341 2210 γάρ
1389 2125 1547 2188 ἔστιν
1589 2125 1823 2199 ἔπαλξις

1062 2224 1327 2291 πλούτου
1370 2225 1526 2311 πρὸς
1565 2227 1754 2311 κόρον
1798 2226 1976 2310 άνδρὶ

1061 2332 1393 2394 λακτίσαντι
1436 2330 1623 2413 μέγαν
1666 2332 1859 2404 Δίκας

1064 2431 1272 2513 βωμόν
1317 2434 1402 2506 εἰς
1446 2430 1760 2511 ἀφάνειαν.

449 2542 659 2617 (verba
719 2545 858 2598 sunt
909 2520 1217 2617 jungenda
1276 2533 1348 2598 οὐ
1408 2531 1522 2617 γάρ
1581 2535 1737 2596 ἐστιν
1800 2535 2035 2609 ἔπαλξις
2085 2533 2350 2597 πλούτου
2393 2572 2476 2584 --
2522 2535 2607 2608 εἶς

451 2636 772 2719 άφάνειαν)
819 2642 935 2701 nisi
979 2642 1168 2704 mavis
1213 2641 1412 2716 legere
1458 2637 1490 2698 ἕ
1502 2656 1695 2713 στιν,
1739 2646 1811 2699 ut
1854 2635 2118 2699 πλούτου
2162 2640 2477 2714 genetivus
2524 2643 2605 2700 sit

452 2745 850 2823 appositivuS,
920 2746 1247 2821 eujusmodi
1309 2744 1482 2821 posui
1542 2742 1815 2820 exempla
1867 2762 2002 2820 pag.
2048 2748 2113 2803 4:
2180 2744 2385 2821 Suppl.
2446 2749 2603 2802 445:

366 2861 383 2882 ·
453 2840 681 2924 μηχανὴ
724 2842 1087 2922 συζωμάτων
1128 2850 1241 2922 frg.
1280 2851 1417 2906 129.
1463 2878 1548 2888 ——
1591 2842 1773 2922 Soph.
1808 2847 1901 2905 Ai.
1941 2851 2093 2906 159:
2135 2839 2371 2925 πύργου
2416 2844 2598 2924 ῥῦμα.

451 2952 532 3012 ib.
588 2951 780 3011 1076:
824 2942 1140 3029 πρόβλημα
1186 2943 1388 3025 φόβου
1432 2944 1531 3006 καὶ
1581 2944 1803 3018 αἰδοῦς.

621 3054 686 3132 b)
730 3055 1075 3131 Subjeotum
1121 3059 1213 3114 est
1240 3051 1599 3125 infinitivu8,
1648 3071 1763 3131 quo
1797 3054 2120 3114 convenire
2150 3052 2330 3112 alicui
2374 3052 2603 3132 aliquid

455 3159 791 3217 denotatur.
865 3160 975 3231 Ag.
1009 3163 1160 3217 904:
1207 3149 1373 3215 οὔτοι
1415 3149 1703 3234 γυναικός
1748 3152 1903 3214 ἔστιν
1949 3152 2192 3233 ἱμείρειν
2236 3149 2443 3231 μάχης.
2517 3157 2601 3215 ib.

463 3267 653 3320 1313:
709 3260 818 3319 τοῦ
863 3252 1128 3337 δρῶντός
1171 3255 1289 3318 ἔστι
1333 3256 1438 3316 καὶ
1481 3250 1547 3316 τό
1594 3255 1910 3334 βουλεῦσαι
1954 3252 2090 3336 πέρι
2136 3258 2603 3336 (Interpretatur

451 3363 880 3423 Seholefieldus
934 3363 1076 3442 „qui
1135 3362 1363 3442 aliquid
1407 3363 1675 3420 fauturus
1721 3361 1824 3434 sit,
1873 3381 2030 3420 eum
2076 3362 2253 3420 etiam
2300 3362 2600 3422 delibe-

452 3487 626 3527 rare
656 3469 825 3526 decet
863 3467 935 3524 de
970 3485 1048 3524 re
1079 3465 1395 3539 gerenda“.
1462 3464 1815 3524 Schuetzius
1846 3460 1981 3541 πέρι
2010 3465 2266 3527 mutavit
2306 3465 2372 3522 in
2404 3461 2600 3543 πέρα).

455 3605 538 3614 —-
574 3572 687 3644 frg.
725 3574 881 3628 369:
926 3559 1163 3646 ἀνδρῶν
1206 3560 1318 3646 γάρ
1364 3563 1521 3625 ἐστιν
1550 3563 1801 3626 ἐνδίκων
1844 3586 1904 3625 τε
1947 3562 2048 3624 καὶ
2091 3568 2300 3640 σοφῶν
2336 3564 2347 3649 Ι
2388 3564 2450 3627 ἐν
2478 3570 2606 3637 τοῖς

452 3675 692 3732 κακοῖσι
751 3664 834 3747 μὴ
877 3671 1274 3745 τεθυμῶσθαι
1331 3672 1522 3738 θεοῖς.
1629 3661 2003 3750 [Εὐριπίδου
2065 3670 2222 3748 apud
2281 3670 2602 3730 Stobaeum

456 3781 598 3849 108,
646 3779 745 3848 43,
793 3774 895 3854 qui
939 3776 1124 3833 habet
1166 3765 1405 3851 άνδρῶν
1448 3765 1602 3830 τάδ’
1657 3769 1814 3831 ἐστιν
1856 3806 1958 3833 -.
2044 3774 2233 3847 „mihi
2276 3794 2420 3836 vero
2467 3794 2601 3849 gra·

455 3879 643 3940 vitate
688 3878 855 3952 digni
899 3877 1182 3938 videntur
1224 3879 1278 3934 A
1293 3896 1325 3934 e
1342 3897 1368 3935 s
1384 3876 1594 3953 ohyli
1609 3921 1623 3947 ,
1670 3877 1764 3935 oui
1808 3877 2158 3936 tribuuntur
2201 3896 2237 3935 a
2272 3876 2600 3937 Plutarcho

457 3984 608 4039 ete.“
694 3979 954 4041 Valok.
1000 3978 1195 4038 Diatr.
1240 3979 1306 4037 in
1349 3981 1491 4040 Eur.
1538 3980 1703 4058 perd.
1749 3981 1931 4038 dram.
1977 3980 2082 4039 rel.
2129 3999 2262 4056 pag.
2297 3979 2471 4058 238}
2515 4012 2600 4024 --

457 4083 821 4141 Neutrum
886 4082 1370 4158 pronominis
1436 4075 1563 4141 ὅδε
1629 4087 1751 4141 tam
1815 4083 1877 4140 in
1940 4082 2231 4156 singulari
2292 4102 2469 4163 quam
2533 4085 2599 4142 in
