3017 4759
1263 307 1733 375 -115—

420 485 546 526 νειν
571 457 645 524 τά
668 458 1008 544 πρόσφορα.
1070 457 1243 525 Eum.
1269 470 1383 526 30:
1428 460 1531 523 καὶ
1561 465 1673 524 νῦν
1693 466 1886 543 τυχεῖν
1916 483 1989 541 με
2014 465 2132 524 τῶν
2161 460 2308 544 πρὶν
2333 458 2582 525 εἰσόδων

421 567 628 649 μακρῷ
666 563 677 649 Ι
716 559 929 647 ἄριστα
958 564 1136 626 δοῖεν.
1170 602 1252 611 -
1299 568 1380 628 ib.
1418 567 1791 647 191421000
1824 568 2150 647 depravato
2176 567 2283 647 (M.
2305 569 2582 646 praebet:

418 666 522 729 καὶ
554 673 751 746 τιμαῖς
782 666 883 728 καὶ
914 668 1158 739 θυσίαις
1186 664 1535 750 περισέπται
1566 663 1734 747 τύχαι
1774 690 1834 729 τε
1877 671 2264 731 Hermannus
2309 670 2580 747 scripsit:

420 775 619 849 τιμαῖς
661 768 761 830 καὶ
809 769 1055 842 θυσίαις
1091 770 1415 852 περίσεπτα
1444 772 1743 850 τυχοῦσαι.
1814 772 2360 833 commendabilior
2403 772 2583 832 etiam

420 875 662 937 videtur
703 875 854 935 mihi
898 895 1028 935 esse
1075 875 1413 934 emendatio
1446 875 1815 935 Kirchhofffi
1861 869 2174 956 ὠγυγίοις,
2202 866 2304 945 οἷς
2341 871 2353 956 Ι
2390 878 2585 951 τιμαῖς

420 973 524 1036 καὶ
581 975 827 1045 θυσίαις
884 976 1204 1055 περίσεπτα
1264 968 1487 1053 τύχητε.
1551 1012 1632 1021 —-
1701 977 1819 1037 His
1878 978 2171 1059 exemplis
2232 978 2585 1057 Aeschyleis

423 1079 767 1140 deliberatis
827 1079 1024 1160 iisque
1088 1098 1239 1159 quae
1300 1080 1617 1138 nominant
1675 1079 1936 1140 Ellendt.
1990 1081 2113 1141 lex.
2156 1080 2378 1160 Soph.
2415 1103 2480 1157 ιιε.
2527 1103 2584 1143 v.

423 1183 632 1256 Valck.
692 1183 769 1241 ad
812 1183 998 1261 Hipp.
1048 1187 1188 1241 866.
1278 1181 1486 1243 Elmsl.
1547 1182 1620 1240 ad
1666 1183 1825 1240 Med.
1876 1183 2015 1242 741.
2102 1184 2449 1245 Schneider.
2512 1186 2586 1245 ad

424 1286 579 1345 Plat.
623 1289 769 1362 Rep.
817 1306 876 1362 p.
910 1289 1053 1359 431,
1083 1294 1104 1322 ⁰
1148 1285 1349 1344 nullus
1396 1305 1504 1359 ego
1552 1285 1793 1359 dubito,
1850 1285 2002 1365 quin,
2044 1287 2345 1364 objectum
2389 1289 2584 1366 (prae-

425 1390 632 1448 sertim
678 1408 861 1469 quum
904 1389 984 1448 sit
1024 1388 1175 1448 locis
1220 1384 1497 1447 omnibus
1543 1393 1823 1447 neutrum
1863 1389 2164 1464 adjectivi,
2209 1390 2272 1447 id
2320 1391 2477 1469 quod
2520 1391 2586 1451 in

426 1492 724 1568 permulta
766 1493 953 1553 verba
996 1509 1129 1551 cum
1175 1491 1459 1566 genetivo
1517 1493 1725 1566 juncta
1785 1491 1997 1551 cadere
2040 1491 2326 1569 vidimus)
2368 1495 2589 1554 habeat

426 1594 490 1653 in
537 1594 876 1655 accusativo
920 1594 1183 1672 positum
1227 1595 1479 1655 verbum
1521 1586 1844 1672 τυγχάνειν.
1913 1594 2085 1659 Quod
2130 1594 2180 1653 si
2226 1596 2589 1668 conceditur,

426 1697 558 1756 fieri
617 1717 739 1755 non
798 1702 1052 1773 possunt
1115 1695 1551 1772 explicationes
1612 1699 1923 1755 contortae
1983 1702 2045 1756 et
2087 1697 2423 1757 arcessitae.
2511 1699 2591 1757 Et

431 1804 608 1872 certe,
657 1798 939 1877 quoniam
977 1797 1432 1885 conspiciuntur
1470 1797 1747 1875 exempla
1788 1797 1855 1855 in
1902 1797 2063 1858 clara
2104 1798 2256 1874 luce,
2301 1802 2418 1860 hoc
2462 1801 2590 1861 effi·

433 1900 605 1973 citur,
651 1906 721 1959 ut
765 1900 926 1980 quod
958 1900 1159 1959 docuit
1190 1901 1635 1979 Bernhardyus,
1682 1892 1993 1978 τυγχάνειν
2023 1903 2194 1963 verbi
2239 1922 2371 1962 cum
2418 1923 2592 1964 accu-

433 2003 625 2064 sativo
670 2023 795 2061 non
839 2023 968 2062 esse
1010 2001 1341 2083 legitimam
1379 2005 1743 2079 juncturam,
1789 2003 1853 2060 id
1896 2022 2019 2063 non
2063 2005 2151 2063 ita
2189 2005 2444 2083 exprimi
2492 2007 2591 2065 de-

432 2106 635 2167 buisse
680 2105 973 2166 videatur.

606 2208 807 2267 Unum
849 2209 1036 2268 habet
1090 2206 1597 2285 compositum
1640 2207 1977 2295 Aeschylus
2024 2204 2590 2289 ξυντυγχάνειν.

432 2311 596 2388 Sept.
631 2315 790 2370 256:
835 2299 901 2368 εὖ
933 2302 1338 2386 ξυντυχόντων
1381 2309 1604 2388 (Schol.
1637 2312 1753 2371 M.:
1799 2298 1865 2369 εὖ
1908 2301 2295 2390 άποβάντων)
2338 2310 2438 2389 καὶ
2484 2309 2593 2374 πό-

433 2415 583 2473 λεων
627 2408 1015 2490 σεσωσμένης.

614 2522 670 2576 2.
715 2518 978 2594 κυρεῖν
1021 2519 1102 2575 et
1143 2507 1403 2593 κύρειν
1447 2514 1745 2594 (Utraque
1788 2515 1982 2575 forma
2026 2514 2158 2575 sine
2203 2514 2592 2591 significatio-

433 2619 530 2679 nis
588 2617 935 2679 discrimine
990 2618 1117 2677 ullo
1179 2623 1273 2677 est
1324 2617 1390 2677 in
1446 2617 1604 2696 usu).
1696 2616 2029 2679 Genetivus
2080 2617 2348 2678 cernitur
2402 2620 2590 2681 unde-

435 2722 586 2795 cies,
629 2721 724 2783 bis
767 2741 1059 2800 personae
1105 2727 1168 2780 et
1211 2721 1367 2781 malo
1414 2720 1657 2801 quidem
1703 2741 1885 2782 sensu
1926 2721 2027 2780 Pr.
2061 2720 2096 2779 7
2106 2720 2214 2781 37:
2261 2724 2482 2801 πικροῦ
2528 2714 2592 2780 δ’

436 2821 691 2898 ἔκυρσας
748 2857 832 2866 -
895 2824 1011 2881 τῶν
1055 2824 1178 2882 σοῖν
1223 2817 1429 2903 γάμων
1470 2824 1822 2903 μνηστῆρος.
1911 2825 2079 2884 Pers.
2127 2823 2286 2884 987:
2340 2817 2593 2885 Ἰαόνων

435 2924 741 3005 ναυβατᾶν
779 2920 790 3004 Ι
827 2916 1151 3002 κύρσαντες
1207 2956 1291 2967 -—
1348 2925 1562 2986 novies
1624 2925 1718 2985 rei
1775 2927 1877 2985 Pr.
1924 2925 1959 2984 7
1968 2931 2038 2986 0:
2105 2916 2231 3004 όρῶ
2290 2928 2593 3004 κυροῦντα

436 3022 607 3088 τόνδε
638 3027 758 3085 τῶν
791 3022 1064 3097 ἐπαξίων.
1141 3025 1306 3103 Sept.
1340 3029 1495 3085 590:
1541 3017 1764 3084 ταύτοῦ
1792 3019 2062 3105 κυρήσας
2096 3023 2341 3098 ἐνδίκως
2384 3023 2592 3109 ἀγρεύ-

437 3150 635 3209 ματος.
723 3131 891 3189 Pers.
925 3128 959 3188 7
969 3128 1082 3188 70:
1126 3120 1293 3207 κάγοό
1325 3120 1523 3188 πάλου
1566 3120 1629 3186 τ’
1675 3124 1897 3208 ἔκυρσα
1924 3130 2149 3208 τοῦπερ
2178 3121 2418 3205 ἤθελον.
2507 3132 2589 3194 ib.

439 3234 597 3294 788:
660 3224 909 3312 στρατός
952 3223 1199 3311 κυρήσει
1243 3229 1525 3307 νοστίμου
1569 3229 1881 3309 σωτηρίας.
1968 3231 2052 3292 ib.
2089 3236 2240 3292 890:
2307 3236 2595 3313 στυγερᾶς

441 3334 655 3415 μοίρας
707 3329 719 3417 1
773 3332 951 3412 τῆσδε
1005 3326 1290 3412 κυρήσας.
1381 3334 1591 3412 Suppl.
1640 3332 1674 3392 7
1683 3339 1795 3394 63:
1864 3327 2063 3413 γάμου
2117 3335 2388 3414 κυρῆσαι.
2475 3339 2591 3413 Ag.

443 3443 596 3497 606:
658 3434 914 3517 ἔκυρσας
959 3430 1106 3496 ὥστε
1148 3428 1395 3512 τοξότης
1437 3428 1625 3515 ἄκρος
1668 3437 1921 3496 σκοποῦ.
2009 3438 2184 3496 Eum.
2232 3440 2385 3498 391:
2448 3431 2584 3498 οὐδ’

439 3533 678 3617 άτιμίας
720 3533 887 3620 κύρω
918 3539 1028 3619 (M.
1077 3540 1263 3619 κυροῖ.
1312 3539 1580 3599 correxit
1616 3538 2044 3618 Hermannus).
2130 3538 2216 3601 ib.
2249 3544 2404 3601 913:
2449 3533 2487 3601 ό
2530 3537 2594 3601 δὲ

439 3636 522 3720 μή
567 3634 792 3722 κύρσας
847 3638 1080 3721 βαρέων
1136 3633 1381 3701 τούτων.
1451 3677 1536 3687 --
1602 3641 1936 3703 offensioni
1994 3646 2136 3702 sunt
2192 3641 2343 3704 viris
2403 3643 2594 3704 doctis

438 3748 629 3808 verba
670 3765 824 3826 quae
868 3745 1122 3806 exhibet
1164 3747 1283 3805 BL:
1329 3745 1435 3804 Ch.
1471 3750 1628 3804 688:
1678 3735 1848 3804 οῦτοι
1884 3738 2162 3824 κυρήσεις
2205 3747 2372 3821 μεῖον
2414 3739 2597 3818 άξίως

442 3843 624 3907 σέθεν
667 3846 752 3924 (v.
795 3867 929 3925 pag.
965 3845 1072 3922 91)
1113 3846 1298 3906 Dind.
1344 3837 1545 3918 άξίας,
1590 3846 1875 3909 Pauwius
1918 3840 2130 3921 άξίων,
2176 3848 2336 3927 quod
2379 3851 2594 3925 proba-

441 3954 666 4011 verunt
720 3947 1076 4008 Schuetzius
1134 3952 1197 4007 et
1236 3948 1648 4011 Blomfieldus.
1733 3949 2108 4029 Quamquam
2163 3969 2308 4010 vero
2363 3952 2597 4011 Scholi-

442 4056 601 4113 astes
645 4053 739 4122 M.
775 4050 956 4111 etiam
992 4051 1182 4130 (,,τοῖν
1227 4066 1323 4110 σοι
1358 4044 1545 4123 ἀξίων
1574 4051 1829 4129 τιμῶν“)
1866 4051 2111 4114 videtur
2143 4051 2365 4127 legisse
2396 4044 2596 4125 άξίων,

445 4153 678 4216 servari
719 4159 923 4214 tamen
979 4174 1153 4232 posse
1198 4146 1384 4225 ἀξίως
1441 4159 1502 4213 et
1545 4153 1790 4213 defendi
1832 4154 2049 4214 merito
2099 4153 2258 4214 dixit
2299 4154 2595 4215 Herman-

2061 4263 2096 4316 8
2117 4252 2160 4290 -8-
