3017 4759
1229 275 1701 342 -119—

397 432 569 503 τεῒν),
617 432 690 491 cf.
721 423 982 501 τεύξεται
1013 433 1251 509 φρενῶν
1293 423 1360 489 τό
1393 423 1516 489 πάν
1546 452 1679 509 pag.
1718 437 1793 490 83
1844 437 1906 492 et
1948 452 2083 509 pag.
2122 435 2260 492 116.
2306 465 2391 475 -—
2434 435 2553 492 Ac-

398 533 700 594 cusativus
765 539 856 593 est
914 533 1201 610 adjectivi
1260 535 1361 595 vel
1405 533 1779 612 pronominis
1837 532 2112 593 neutrius
2176 534 2553 596 substantive

395 636 577 696 dicti:
641 637 848 716 Suppl.
883 641 1036 695 882:
1104 629 1267 694 πόλλ’
1311 627 1611 712 άμαρτῶν.
1700 639 1803 696 Pr.
1853 637 2003 695 375:
2070 634 2126 692 τί
2168 632 2313 693 ποτέ
2355 654 2427 711 με
2468 671 2555 680 --

394 730 586 812 εὖρῶν
631 731 1030 814 άμαρτοῦσαν.
1117 739 1232 813 frg.
1274 744 1393 798 286
1422 737 1474 798 bt
1546 729 1870 814 άμαρτάνει
1912 758 2024 796 τοι
2066 733 2171 796 καὶ
2214 736 2413 811 σοφοῦ
2455 754 2555 797 σο-

396 833 689 915 φώτερος,
748 841 856 900 ubi
901 834 1223 917 ἁμαρτάνει
1276 862 1332 898 τι
1378 836 1479 898 καὶ
1538 841 1829 919 scriptum
1890 861 2018 900 esse
2078 861 2155 901 ex
2214 843 2556 916 conjectura

396 944 594 1004 Grotii
637 944 884 1004 adnotat
926 944 1328 1003 Hermannus.

562 1048 788 1106 Eadem
819 1051 912 1106 est
939 1046 1095 1106 ratio
1127 1046 1475 1119 accusativi,
1524 1046 1629 1125 qui
1661 1045 1936 1125 sequitur
1964 1049 2218 1107 verbum
2251 1039 2288 1103 ά
2309 1066 2349 1120 μ
2367 1047 2550 1103 πλα-

393 1152 576 1207 κεῖν.
667 1152 781 1223 Ag.
820 1152 1016 1208 1166:
1061 1140 1201 1206 τάδ’
1244 1140 1579 1222 ἤμπλακον.
1671 1148 1992 1208 Passivum
2038 1148 2246 1226 Suppl.
2283 1153 2438 1208 883:
2498 1146 2553 1205 τί

395 1243 457 1309 δ’
501 1244 881 1327 ἠμπλάκηται
927 1242 1112 1309 τῶνδ’
1159 1246 1288 1326 ἐμοὶ
1334 1248 1506 1325 δίκης
1552 1243 1707 1325 ἄτερ.

569 1345 857 1426 ψεύδω.
946 1352 1314 1414 Activum
1361 1353 1651 1425 „fallere“
1696 1350 2068 1411 construitur
2121 1371 2257 1411 cum
2314 1371 2551 1412 accusa-

394 1456 524 1517 tivo
572 1476 887 1533 personae,
948 1474 1127 1534 quam
1171 1455 1307 1534 quis
1350 1455 1545 1528 fallit,
1607 1453 2013 1532 genetivoque
2056 1453 2148 1513 rei
2189 1455 2358 1513 Pers.
2392 1455 2551 1514 470:

394 1556 654 1632 ἔψευσας
699 1558 937 1634 φρενῶν
987 1554 1244 1632 Πέρσας.
1333 1556 1587 1619 Passivo
1620 1555 1967 1633 adjungitur
1997 1556 2374 1617 accusativus
2402 1578 2550 1616 neu-

393 1661 545 1720 trius
591 1662 698 1720 oh.
735 1660 768 1718 7
777 1664 883 1719 40:
942 1657 1126 1717 πολλοὶ
1173 1654 1226 1716 δ’
1281 1657 1517 1735 οἴομαι,
1563 1662 1918 1733 ψευσθεῖσα.
2007 1659 2276 1718 Medium
2322 1659 2550 1734 (‚‚men-

392 1763 560 1823 dacio
591 1761 868 1840 fallere“)
914 1761 1130 1822 omisso
1176 1762 1459 1838 genetivo
1493 1760 1775 1820 adsciscit
1803 1761 2214 1822 accusativum
2258 1782 2549 1840 personae

391 1868 506 1939 Ag.
558 1869 753 1925 1162:
816 1860 1206 1934 ξυναινέσασα
1260 1863 1491 1936 Λοξίαν
1552 1859 1919 1941 ἐψευσάμην.
2022 1865 2319 1944 (absolute
2376 1865 2549 1945 poni-

392 1973 492 2027 tur
534 1994 623 2018 =
663 1966 986 2054 „mentiri“
1029 1967 1202 2026 Eum.
1243 1972 1396 2026 605:
1446 1960 1655 2040 μάντις
1700 1958 1785 2024 ῶν
1831 1960 1890 2024 δ’
1942 1959 2017 2026 οὖ
2060 1961 2404 2043 ψεύσομαι.)

565 2063 986 2145 σφάλλομαι
1031 2069 1251 2147 (forma
1281 2068 1480 2130 activa
1527 2089 1648 2129 non
1677 2069 1873 2128 utitur
1900 2071 2285 2149 Aeschylus).
2374 2072 2549 2130 Eum.

397 2173 554 2233 707:
599 2166 914 2246 σφάλλεται
959 2165 1396 2249 βουλευμάτων.
1442 2205 1529 2214 -—-
1572 2171 1714 2232 Sine
1745 2191 1886 2232 casu
1930 2178 2024 2233 est
2064 2177 2419 2251 usurpatum
2448 2173 2548 2231 Tr.

394 2281 546 2335 258:
593 2270 837 2349 σφαλεὶς
878 2268 991 2353 γάρ
1038 2268 1239 2342 οὐδεὶς
1282 2262 1350 2332 εὖ
1394 2272 1828 2350 βεβουλεῦσθαι
1872 2273 2068 2346 δοκεῖ,
2124 2295 2303 2355 quem
2347 2280 2550 2335 tamen

390 2399 635 2440 versum
693 2381 768 2439 ab
821 2378 1161 2456 Aeschy10,
1231 2378 1308 2436 ad
1363 2397 1541 2457 quem
1598 2378 1891 2452 refertur,
1959 2378 2364 2457 conscriptum
2420 2397 2547 2437 esse

390 2481 569 2541 multi
612 2502 734 2541 non
780 2485 1017 2559 putant.

563 2575 1199 2659 ἄποσφάλλομαι.
1287 2585 1388 2642 Pr.
1424 2583 1582 2642 974:
1629 2577 2003 2656 ἀποσφαλεὶς
2034 2582 2289 2658 φρενῶν.
2380 2583 2546 2641 Pers.

393 2692 541 2747 390:
589 2679 831 2763 γνώμης
875 2680 1328 2760 ἀποσφαλεῖσιν.
1421 2685 1523 2763 (cf.
1569 2706 1703 2763 pag.
1741 2686 1864 2763 83).

558 2790 809 2848 Praeter
866 2810 1095 2849 morem
1150 2789 1469 2864 genetivus
1528 2788 1969 2848 determinatur
2026 2787 2232 2849 verbis
2246 2832 2262 2862 ,
2329 2786 2545 2867 quibus

390 2888 538 2948 insit
579 2890 746 2949 notio
794 2891 1143 2962 aberrandi,
1185 2891 1317 2949 his:

562 2987 1101 3067 παρασκοπέω.
1189 2994 1304 3066 Ag.
1341 2994 1533 3049 1206:
1581 2979 1621 3065 ἦ
1664 2985 1836 3067 κάρτῖ
1889 2983 1987 3065 ἄρ’
2039 2983 2117 3050 ὃν
2148 2984 2549 3067 παρεσκόπεις

389 3095 666 3174 χρησμῶν
696 3090 881 3168 ἐμῶν·
929 3085 1280 3169 παρεκόπης
1311 3091 1685 3170 scripserunt
1711 3091 2061 3151 Dindorfius
2093 3096 2155 3150 et
2183 3092 2543 3153 MeinekiUS.

560 3198 738 3257 Oerte
794 3198 916 3255 huc
972 3195 1243 3275 pertinet
1289 3194 1653 3255 constructio
1701 3193 2022 3268 singularis
2067 3193 2378 3273 participii
2430 3214 2546 3253 κε-

308 3310 323 3325 ·
390 3295 798 3374 κομμένος.
885 3301 1001 3372 Ag.
1035 3302 1192 3357 459:
1239 3298 1328 3366 τίς
1369 3283 1489 3355 ῶδε
1519 3290 1772 3365 παιδνὸς
1815 3289 1858 3372 ἢ
1887 3297 2128 3375 φρενῶν
2159 3292 2543 3372 κεκομμένος.

561 3394 1022 3478 βλάπτομαι.
1110 3403 1226 3476 Ag.
1266 3404 1420 3459 116:
1479 3396 1769 3476 βλαβέντα
1813 3397 2103 3458 λοισθίων
2149 3391 2407 3476 δρόμων.
2468 3401 2540 3459 cf.

391 3505 500 3564 od.
531 3506 584 3577 Ι,
632 3508 782 3564 195:
829 3497 1154 3580 βλάπτουσι
1200 3497 1510 3561 κελεύθου.
1558 3533 1561 3536 ’

557 3599 966 3682 κόπτομαι.
1053 3609 1170 3682 Ag.
1205 3610 1362 3665 458:
1409 3599 1775 3680 κεκομμένος
1820 3603 2074 3680 φρενῶν.

557 3702 940 3784 πλάζομαι.
1033 3711 1196 3788 Sept.
1245 3707 1403 3767 767:
1453 3702 1911 3783 κρεισσοτέκνων
1954 3699 2240 3781 ὀμμάτων
2285 3704 2540 3782 (κρείσσο

389 3913 588 3972 Schol.
610 3914 728 3971 M.:
777 3910 1090 3988 ἐχωρίσθη.
1178 3913 1426 3972 Confert
1455 3913 1845 3972 Blomfieldus
1880 3913 2025 3971 Eur.
2055 3911 2191 3970 Tro,
2220 3914 2376 3970 635:
2422 3921 2542 3985 ψυ-

388 4007 498 4091 χὴν
541 4006 751 4073 άλᾶται
793 4016 899 4090 τῆς
943 4007 1203 4093 πάροιθ’
1243 4006 1580 4090 εὐπραξίας.
1656 4015 1950 4073 Addenda
1992 4018 2132 4073 sunt
2159 4012 2333 4071 Pind.
2368 4012 2460 4071 01.
2489 4014 2541 4084 Ι,

393 4124 504 4178 60:
567 4111 951 4196 εὐφροσύνας
994 4110 1220 4176 άλάται.
1310 4117 1484 4177 Nem.
1517 4118 1695 4192 VIII,
1743 4121 1810 4176 4:
1871 4117 2086 4195 καιροῦ
2145 4109 2535 4173 πλαναθέντα.
