3017 4759
1374 289 1444 303 .-
1538 253 1624 318 82
1709 288 1793 299 -..

667 406 1212 488 πολύμνηστος
1268 410 1468 471 activo
1516 427 1695 468 sensu
1742 405 1906 483 (vide
1963 422 2114 485 quae
2157 402 2286 463 dixi
2332 402 2405 462 de
2464 403 2661 479 forma

496 536 632 595 pag.
663 516 697 576 7
706 522 741 574 3
768 516 923 595 sqq.)
956 530 1090 575 cum
1120 511 1401 588 genetivo
1435 530 1555 569 non
1582 514 1675 568 est
1704 525 2041 568 connexum
2087 508 2200 580 Ag.
2228 506 2261 564 7
2272 510 2384 564 853
2428 497 2661 563 τούτων

495 622 697 678 θεοῖσι
738 612 849 696 χρὴ
878 608 1298 692 πολύμνηστον
1327 605 1499 690 χάριν
1538 610 1548 692 Ι
1585 610 1785 681 τίνειν,
1834 608 1993 689 quod
2037 601 2266 665 τούτων
2309 626 2444 667 cum
2486 598 2660 683 χάριν

494 719 675 780 τίνειν
718 739 848 779 esse
893 717 1293 795 copulandum
1336 717 1523 792 patet.
1606 711 1844 792 passive
1888 715 1981 769 est
2026 709 2251 769 dictum
2310 708 2658 783 significans

498 821 910 897 „celebratus“
953 823 1069 896 Ag.
1108 823 1300 879 14353
1343 817 1455 875 νῦν
1486 810 1551 874 δὲ
1592 812 1816 874 τελείαν
1853 810 1863 895 Ι
1901 805 2318 888 πολύμναστον
2348 808 2660 888 ἐπηνθίσω

497 916 574 984 δι’
619 913 743 1000 αἷμ’
787 914 1059 982 ἄνιπτον.

666 1024 975 1084 Debemus
1019 1025 1238 1085 addere
1279 1021 1424 1082 huic
1467 1019 1903 1097 adjectivorum
1946 1016 2195 1095 speciei:

670 1124 878 1203 ἴδρις
919 1129 1221 1202 „gnarus“
1264 1127 1378 1199 Ag.
1427 1126 1584 1182 428:
1629 1115 1821 1197 μάχης
1864 1116 2038 1199 ἴδρις.

672 1221 942 1308 ἀιδρις.
1030 1234 1143 1305 Ag.
1194 1232 1390 1287 1059:
1449 1216 1680 1284 τούτων
1738 1214 1934 1301 ὅὶιδρίς
1989 1217 2106 1298 εἶμι
2160 1222 2282 1279 τῶν
2325 1214 2663 1298 μαντευμά-

500 1352 635 1393 των.
722 1331 931 1410 Suppl.
976 1336 1135 1392 4363
1195 1325 1356 1389 θέλω
1415 1319 1466 1385 δ’
1524 1318 1721 1404 ἄιδρις
1778 1325 1997 1400 μᾶλλον
2053 1315 2097 1400 ἢ
2148 1315 2344 1399 σοφός
2400 1323 2603 1384 κακῶν
2649 1322 2660 1405 Ι

501 1425 668 1495 εἶναι.

671 1531 910 1611 σοφός
954 1536 1164 1596 eodem
1207 1534 1338 1594 loco
1383 1529 1592 1608 Suppl.
1628 1534 1749 1613 436
1782 1562 1866 1573 -
1897 1529 2195 1607 adjectivo
2241 1519 2437 1608 ἄιδρις
2481 1548 2665 1607 oppo-

507 1639 688 1698 situm
734 1639 1084 1713 genetivum
1127 1635 1427 1696 adsciscit.
1517 1632 1747 1692 Ceteris
1793 1631 1939 1692 locis
1983 1652 2093 1710 per
2136 1652 2198 1691 se
2242 1632 2507 1709 positum
2552 1638 2661 1692 est.

675 1737 1039 1816 ἔμπειρος
1080 1739 1237 1817 apud
1269 1735 1635 1814 Aeschylum
1680 1721 1802 1793 non
1832 1734 2134 1810 reperitur
2163 1734 2280 1793 nisi
2310 1736 2477 1794 Pers.
2511 1739 2666 1795 596:

502 1843 708 1901 κακῶν
751 1836 859 1918 μὲν
902 1834 1066 1912 ὅστις
1108 1837 1388 1918 ἔμπειρος
1429 1839 1617 1915 κυρεῖ.

676 1934 1024 2022 ἄπειρος.
1094 1942 1454 2003 Genetivum
1500 1940 1800 2016 adjectum
1844 1938 2115 1999 videmus
2145 1940 2252 2000 Oh.
2285 1944 2441 2000 3593
2482 1937 2670 1999 τῶνδε

506 2038 715 2105 πόνων
758 2038 1025 2126 ἄπειρον.
1113 2046 1230 2119 frg.
1278 2048 1422 2116 281,
1476 2046 1543 2101 13
1601 2035 1798 2100 νόσων
1840 2032 1888 2098 τ’
1929 2033 2213 2119 ἀπείρους
2269 2038 2374 2100 καὶ
2418 2039 2667 2120 μακραί-

507 2167 668 2218 ωνας
710 2147 898 2225 βίους.
975 2148 1090 2223 frg.
1124 2151 1287 2206 3393
1332 2138 1500 2204 οὗτοι
1542 2136 1601 2220 μ’
1647 2136 1895 2223 ἄπειρον
1937 2141 2113 2218 τῆσδε
2155 2145 2264 2220 τῆς
2305 2142 2664 2227 προσῳδίας.

675 2251 935 2311 Ratione
967 2249 1292 2328 praecipua
1336 2248 1493 2309 sicut
1530 2239 1780 2323 μνήμων
1810 2245 1941 2305 sine
1971 2245 2252 2320 genetivo
2285 2252 2377 2306 est
2418 2266 2668 2324 usurpa-

507 2358 636 2413 tum
678 2355 785 2414 ch.
835 2357 990 2413 1113
1049 2342 1279 2411 δίδασκ’
1338 2343 1589 2429 ἄπειρον
1650 2345 2031 2427 ἐξηγουμένη.
2121 2351 2222 2409 Pr.
2270 2350 2423 2412 377:
2482 2343 2556 2409 σύ
2615 2341 2670 2409 δ’

509 2449 625 2515 οὐκ
669 2445 936 2531 ἄπειρος,
981 2446 1112 2513 οὐδ’
1158 2451 1305 2531 ἐμοῦ
1353 2444 1718 2511 διδασκάλου
1756 2447 1767 2534 Ι
1805 2443 2046 2534 χρῄζεις.

682 2548 1098 2635 ἀρτίφρων.
1188 2555 1355 2633 Sept.
1403 2555 1560 2614 7613
1623 2550 1747 2613 ἐπεὶ
1803 2545 1856 2611 δ’
1901 2547 2213 2633 ἀρτίφρων
2250 2552 2259 2636 Ι
2300 2549 2526 2633 ἐγένετο
2571 2549 2669 2631 μέ-

511 2659 642 2727 λεος
685 2651 918 2717 ἀθλίων
955 2655 966 2742 Ι
1002 2651 1230 2738 γάμων,
1278 2648 1370 2717 ἐπ’
1414 2650 1573 2735 ἄλγει
1617 2654 1943 2735 δυσφορῶν
1981 2658 1992 2733 Ι
2030 2653 2357 2740 μαινομένᾳ
2402 2655 2617 2740 κραδίᾳ
2659 2652 2669 2736 Ι

511 2758 737 2836 δίδυμα
777 2750 913 2818 κάκ’
956 2755 1225 2819 ἐτέλεσεν.
1255 2792 1342 2803 --
1384 2758 1774 2818 Blomfieldus
1816 2758 2130 2821 invehitur
2165 2760 2232 2819 in
2277 2780 2377 2821 eos
2423 2762 2525 2840 qui
2571 2755 2673 2839 γά-

512 2881 643 2939 μων
673 2863 1048 2939 conjungunt
1091 2881 1224 2921 cum
1256 2855 1584 2942 ἀρτίφρων,
1632 2861 1726 2939 (ut
1758 2862 1903 2921 facit
1934 2863 2289 2923 Schuetzius
2319 2871 2675 2947 „postquam

511 2985 657 3027 vero
720 2965 940 3027 infelix
1002 2965 1275 3026 conscius
1335 2966 1530 3024 factus
1602 2970 1694 3024 est
1756 2965 2008 3025 infausti
2079 2967 2438 3046 conjugii“):
2515 2969 2676 3027 enim

512 3088 658 3131 vero
720 3069 1068 3144 genetivum
1129 3089 1257 3130 esse
1316 3068 1701 3129 referendum
1741 3069 1817 3128 ad
1861 3064 2096 3145 μέλεος,
2155 3074 2226 3129 nt
2266 3071 2415 3129 haec
2459 3072 2679 3132 evadat

515 3172 815 3233 sententia
857 3177 1216 3252 „postquam
1256 3172 1322 3230 in
1367 3191 1431 3230 se
1473 3171 1674 3245 rediit,
1718 3169 1902 3230 miser
1931 3172 2007 3231 ob
2051 3171 2343 3232 infaustas
2372 3172 2676 3251 nuptias“.

513 3306 601 3320 —--
656 3275 758 3334 Me
817 3275 1061 3355 quidem
1111 3274 1315 3351 judice
1372 3275 1691 3348 genetivus
1751 3266 1986 3333 ἀθλίων
2029 3266 2237 3353 γάμων
2298 3294 2495 3356 neque
2540 3295 2676 3336 cum

514 3370 825 3455 ἀρτίφρων
868 3382 962 3437 est
1004 3377 1456 3451 consociandus,
1513 3382 1727 3455 utpote
1772 3379 1931 3456 quod
1976 3378 2248 3439 absolute
2293 3379 2372 3438 sit
2412 3379 2678 3458 positum

515 3511 600 3524 --
642 3480 989 3540 testimonio
1049 3485 1190 3540 sunt
1248 3481 1435 3542 verba
1476 3479 1845 3540 scholiastae
1890 3483 2007 3542 M.:
2069 3479 2196 3541 ἐπεὶ
2240 3474 2293 3541 δ’
2337 3476 2678 3563 ἀρτίφρων3

517 3577 644 3641 ἐπεὶ
689 3578 938 3662 ἔμφρων
984 3578 1231 3661 ἐγένετο,
1292 3579 1419 3642 ἐπεὶ
1468 3585 1726 3659 συνῆκεν
1770 3575 1807 3641 ὃ
1849 3581 2065 3662 ἔπραξε
2107 3577 2260 3644 κατά
2305 3587 2413 3663 τῆς
2455 3580 2678 3665 μητρός

516 3716 602 3729 --
645 3704 843 3764 neque
885 3705 1019 3745 cum
1064 3680 1296 3761 μέλεος,
1359 3705 1543 3765 quum
1585 3686 1695 3748 vix
1736 3688 1928 3764 possit
1979 3687 2128 3748 ferri
2173 3683 2375 3763 μέλεος
2417 3689 2474 3749 ei
2519 3689 2674 3770 quod

514 3788 676 3848 idem
721 3788 984 3850 declarat
1027 3783 1261 3847 ἀθλίων
1303 3788 1391 3848 ita
1433 3793 1503 3848 ut
1546 3788 1933 3850 Blomfieldus
1977 3790 2111 3853 vult
2153 3791 2510 3870 appositum.
2594 3791 2677 3850 Ut

517 3891 739 3967 dicam,
801 3891 960 3971 quod
1017 3891 1167 3951 mihi
1210 3911 1562 3968 persuasum
1621 3897 1735 3965 est,
1798 3895 2100 3973 Aeschylo
2161 3916 2330 3955 suum
2375 3894 2675 3955 reddimus

518 4012 643 4053 non
701 3993 893 4053 solum
935 4012 1146 4056 verum
1203 3994 1385 4055 etiam
1444 3993 1949 4072 simplicissimam
2005 4003 2265 4078 apteque
2307 3998 2675 4057 enuntiatam

518 4093 812 4153 habemus
856 4096 1216 4157 sententiam
1275 4097 1326 4156 si
1370 4097 1881 4174 interpunctionis
1926 4106 2071 4160 nota
2114 4105 2252 4179 post
2291 4092 2498 4180 γάμων
2542 4100 2680 4159 sub-

2961 4596 3006 4630 ε’,
