3017 4759
27 7 628 289 μ’

1310 294 1738 359 -64...

1468 605 1581 680 ΠΙ.

671 763 785 832 De
835 761 1194 851 genetivo
1250 781 1425 832 cum
1475 761 1885 855 adjectivis
1938 759 2371 854 conjugato.

1456 947 1593 1027 §2-

600 1072 694 1129 Ab
719 1070 1048 1147 adJ‘ectivis,
1083 1088 1236 1149 quae
1270 1074 1411 1128 sunt
1441 1069 1693 1128 deducta
1716 1088 1752 1127 a
1774 1070 1974 1128 verbis
2005 1067 2340 1129 transitivis
2366 1085 2596 1147 quaeve

442 1173 517 1230 iis
575 1174 971 1249 respondent,
1031 1174 1247 1247 agendi
1308 1173 1607 1250 capiemus
1667 1172 2013 1251 primordia.
2116 1170 2446 1230 Genetivus
2507 1175 2598 1228 est

446 1296 479 1333 ο
495 1278 532 1336 b
538 1278 561 1352 j
581 1297 612 1334 e
630 1298 661 1336 c
676 1281 703 1335 t
715 1276 736 1333 i
749 1298 788 1338 v
803 1298 842 1335 u
861 1297 905 1336 s.

1256 1414 1275 1447 ι

1491 1483 1547 1524 a.

613 1586 860 1646 Privum
921 1584 1179 1662 primum
1242 1584 1439 1643 locum
1506 1602 1660 1664 quae
1727 1584 2040 1643 obtineant
2101 1584 2383 1646 videntur
2441 1583 2590 1641 mihi

443 1689 624 1763 digna
669 1708 797 1747 esse
841 1687 1138 1765 adjectiva
1180 1688 1247 1745 in
1292 1721 1373 1729 —-
1418 1679 1623 1764 τήριος
1667 1688 1967 1746 exeuntia.

621 1790 679 1868 l)
725 1782 1189 1868 θελκτήριος
1234 1789 1432 1867 (aptus
1463 1790 1537 1849 ad
1567 1789 2077 1868 permulcendum)
2103 1789 2158 1868 1)
2202 1790 2409 1869 Suppl.
2442 1795 2590 1851 430:

441 1889 672 1973 γένοιτο
719 1885 927 1969 μύθου
972 1894 1174 1969 μῦθος
1207 1884 1280 1951 ἂν
1308 1885 1677 1972 θελκτήριος.
1746 1894 1875 1952 sine
1921 1894 2231 1967 genetivo:
2276 1895 2446 1955 Eum.
2481 1897 2591 1952 81:

441 1993 835 2076 θελκτηρίους
875 1992 1181 2077 [μύθους.
1270 1992 1475 2074 Suppl.
1523 1995 1682 2056 971:
1741 1988 2006 2072 ὄμματος
2058 1989 2413 2074 θελκτήριον
2449 1995 2459 2072 Ι
2498 1988 2593 2055 τό·

441 2098 655 2176 ξευμα,
716 2100 816 2160 ubi
880 2093 1146 2175 ὄμματος
1202 2099 1468 2178 pertinet
1524 2100 1598 2157 ad
1655 2092 1928 2174 τόξευμα.
1975 2131 2059 2143 -
2119 2100 2412 2158 Neutrum
2466 2099 2591 2161 vim

442 2204 803 2265 substantivi
872 2209 962 2262 est
1027 2207 1262 2262 nactum
1332 2205 1504 2261 Eum.
1564 2207 1716 2262 868:
1782 2195 2047 2280 γλώσσης
2112 2196 2288 2278 ἐμῆς,
2324 2201 2596 2282 μείλιγμα

437 2303 541 2366 καὶ
600 2297 955 2386 θελκτήριον
982 2332 1069 2357 =
1095 2306 1505 2365 lenimentum.
1596 2307 1702 2365 Ch.
1751 2308 1907 2363 651:
1966 2299 2069 2362 καὶ
2112 2298 2313 2384 θερμαὶ
2370 2297 2591 2385 λουτρά

439 2406 541 2468 καὶ
586 2403 791 2469 πόνων
836 2402 1156 2488 θελκτήρια
1201 2411 1273 2469 cf.
1320 2430 1377 2485 p.
1414 2414 1513 2468 31.
1858 2411 1866 2419 ‘

613 2513 677 2590 2)
723 2535 756 2571 κ
777 2505 1195 2590 ινητήριος.
1264 2512 1468 2591 Suppl.
1501 2516 1656 2570 431:
1701 2503 1940 2589 ἀλγεινὰ
1970 2512 2177 2586 θυμοῦ
2206 2505 2397 2590 κάρτα
2426 2533 2589 2588 κινη·

439 2608 632 2694 τήρια.
700 2613 972 2674 absolute
1015 2615 1261 2692 ponitur
1302 2615 1382 2674 ib.
1417 2620 1573 2674 295:
1615 2606 1912 2690 βοηλάτην
1942 2606 2182 2689 μύωπα,
2226 2612 2589 2694 κινητήριον.

615 2718 679 2795 3)
724 2708 1112 2795 σωτήριος.
1202 2718 1349 2776 Cum
1409 2716 1691 2792 genetivo
1753 2717 2145 2779 construitur:
2212 2720 2384 2777 Eum.
2434 2724 2591 2778 691:

440 2812 631 2900 ἔρυμά
674 2839 734 2879 τε
777 2812 973 2899 χώρας
1016 2814 1118 2877 καὶ
1162 2812 1390 2890 πόλεως
1432 2812 1742 2898 σωτήριον.
1787 2853 1871 2863 -
1926 2821 2032 2879 ch.
2080 2826 2235 2881 228:
2297 2814 2592 2901 δακρυτὸς

440 2920 605 2993 ἐλπὶς
663 2919 998 3002 σπέρματος
1055 2921 1367 3001 σωτηρίου.
1458 2922 1793 3002 Perscripsi
1837 2925 2024 2985 verba
2079 2925 2166 2984 ita
2221 2930 2294 2984 ut
2347 2931 2589 2987 exstant

440 3033 685 3087 exarata
727 3028 793 3086 in
840 3025 1042 3087 codice
1087 3025 1357 3086 Mediceo
1404 3032 1466 3087 et
1510 3047 1661 3108 quae
1705 3027 1892 3090 vertit
1933 3027 2265 3089 Stanleius:
2316 3029 2589 3089 lacrima-

439 3130 578 3190 bilis
644 3151 779 3209 spes
835 3129 1076 3189 feminis
1150 3130 1443 3191 salutaris.
1532 3130 1773 3191 Eximia
1834 3135 2034 3190 tamen
2097 3137 2188 3191 est
2253 3134 2585 3192 emendatio

439 3234 739 3294 Schiitzii:
785 3226 1132 3312 σωτήριος,
1181 3252 1299 3313 qua
1341 3234 1412 3292 fit
1455 3234 1757 3293 sententia
1798 3233 1978 3293 haec:
2020 3255 2096 3308 „o
2142 3252 2317 3313 saepe
2363 3236 2587 3315 (Ipsius

438 3337 711 3396 Schiitzii
758 3341 897 3395 sunt
940 3336 1150 3415 verba)
1192 3338 1317 3412 jam
1360 3337 1580 3395 defleta
1624 3356 1776 3413 spes,
1839 3337 2074 3411 generis
2118 3338 2353 3415 paterni
2399 3339 2587 3418 sospi—

440 3441 690 3500 catrix“.
777 3441 1067 3515 Compara
1108 3437 1379 3497 Schiitzii
1425 3439 1826 3514 conjecturam
1870 3432 2075 3518 Suppl.
2122 3445 2264 3504 392.

609 3542 973 3615 Dativu5‚
1023 3542 1122 3620 qui
1171 3547 1262 3600 est
1305 3542 1612 3615 commodi,
1659 3542 1898 3602 additur
1925 3542 2067 3602 huic
2097 3544 2392 3620 adjectivo
2424 3546 2584 3622 Sept.

448 3650 593 3705 166:
638 3631 678 3721 ἦ
708 3635 868 3702 ταῦτ’
900 3634 1109 3723 ἄριστα
1137 3639 1235 3702 καὶ
1269 3640 1434 3703 πόλει
1467 3637 1726 3723 σωτήρια
1768 3645 2019 3722 perinde
2063 3651 2244 3726 atque
2285 3648 2582 3724 adjectivo

558 3917 629 3982 ⁴1)
666 3917 901 3965 Similiter
936 3921 1052 3964 sunt
1084 3916 1297 3965 formata
1331 3911 1640 3981 δραστήριος
1677 3916 1809 3978 Sept.
1850 3919 1997 3967 1025.
2065 3915 2376 3985 πρακτήριος
2411 3919 2584 3980 Suppl.

441 4003 554 4050 506.
614 3996 941 4066 εὖθυντῆριος
973 4003 1111 4052 Pers.
1141 4005 1254 4051 ⁷55.
1308 3998 1646 4068 πενθητῆριος
1681 4003 1771 4051 Ch.
1795 4007 1841 4053 8.
1867 4031 1935 4040 ——
1958 4000 2327 4070 προστατήριος
2359 4006 2453 4066 Ag.
2483 4008 2584 4055 940

440 4103 479 4134 c.
517 4102 654 4148 gem:
691 4089 846 4151 δεῖμα
880 4084 1241 4154 προστατήριον
1272 4086 1281 4156 Ι
1312 4085 1528 4153 καρδίας
1549 4108 1618 4131 ==
1643 4089 1824 4149 „juxta
1858 4091 2147 4150 praecordia
2182 4091 2364 4139 situm“
2399 4091 2578 4139 Blomf.

440 4174 591 4233 gloss.
628 4187 667 4220 s.
704 4187 752 4218 v.
