3017 4759
1302 290 1730 356 ...35-

437 440 828 527 παλιγκότοις.
915 449 1125 527 Neque
1169 447 1367 507 minus
1427 449 1588 507 hunc
1645 448 1709 507 in
1774 468 2082 509 numerum
2139 448 2594 509 adscribendum

437 555 528 610 est
558 555 669 625 Ag.
709 554 867 609 1034
897 576 985 601 =
1020 555 1209 609 10393
1255 542 1483 629 ἀγυιᾶτ’
1510 541 1785 611 ἀπόλλων
1827 545 1983 628 ἐμός.
2018 585 2097 596 --
2130 542 2405 611 ἀπόλλων
2451 552 2595 631 quid

438 653 550 711 sibi
608 653 758 714 velit
816 654 1031 713 docent
1089 672 1240 732 quae
1301 653 1502 712 statim
1561 661 1921 732 sequuntur:
1983 646 2291 725 ἀπώλεσας
2350 647 2460 734 γὰρ
2521 647 2596 714 οὖ

435 748 603 831 μόλις
647 748 714 814 τό
759 749 1051 834 δεύτερον.

605 860 698 918 De
743 859 1040 936 adjectivo
1081 849 1446 938 θρεπτήριος
1490 858 1626 937 (Oh.
1675 863 1826 918 532:
1873 852 2096 933 μαστὸν
2140 894 2224 904 -
2270 852 2412 935 ἐμόν
2454 862 2593 946 θρο-

433 955 709 1040 πτήριον)
753 962 914 1021 infra
950 962 1296 1023 disseretur.
1363 963 1614 1021 Praeter
1655 962 1883 1038 primae
1927 982 2219 1038 personae
2262 982 2592 1040 pronomen

432 1067 835 1143 possessivum
904 1064 1086 1144 idque
1155 1064 1446 1139 singulari
1516 1084 1763 1124 numero
1832 1085 2179 1143 expressum
2245 1066 2412 1124 nulla
2475 1064 2595 1124 alia

431 1170 786 1247 pronomina
829 1169 1167 1246 possessiva
1212 1168 1589 1227 commemini
1652 1187 1806 1247 quae
1850 1174 2218 1247 usurpentur
2260 1190 2369 1247 pro
2414 1189 2592 1243 gene-

436 1276 563 1335 tivo
612 1272 909 1350 objectivo
937 1272 1010 1351 ¹).

610 1377 677 1454 b)
720 1374 1131 1451 adjectiva:
1178 1374 1340 1452 Sept.
1388 1378 1543 1432 2523
1591 1368 1874 1448 πολέμιον
1919 1367 2133 1451 φόβον.
2224 1375 2590 1434 Audaciores

435 1485 753 1558 juncturae
799 1483 965 1536 sunt:
1011 1477 1115 1536 ch.
1165 1482 1321 1535 2243
1366 1471 1621 1554 θήρειον
1664 1470 1919 1555 γραφήν.
2008 1477 2168 1553 Sept.
2204 1482 2363 1538 618:
2409 1469 2590 1535 ἆλοό-

443 1601 661 1658 σιμον
706 1572 904 1639 παῖαν’
937 1573 1358 1656 ἐπεξιακχάσας
1401 1579 1664 1656 (,‚paean
1699 1580 1772 1639 de
1811 1582 1957 1638 urbe
1988 1583 2410 1661 expugnata“).
2478 1585 2590 1658 Ag.

451 1691 555 1744 10:
586 1675 889 1759 ἁλώσιμον
919 1673 1138 1758 βάξιν
1169 1683 1243 1740 cf.
1275 1700 1408 1759 pag.
1430 1687 1526 1739 32.
1576 1680 2003 1742 Gravissimum
2029 1688 2120 1742 est
2144 1686 2252 1758 Ag.
2274 1688 2423 1743 2153
2455 1688 2590 1760 κλη-

438 1782 620 1858 δόνας
665 1777 981 1867 πατρῴους
1023 1804 1239 1859 „voces
1285 1790 1518 1861 patrem
1560 1786 1970 1845 invocantes“.
2015 1820 2096 1829 —
2143 1787 2234 1844 Ad
2283 1791 2390 1861 Ag.
2435 1792 2590 1846 249:

440 1883 833 1970 εὐαγγέλοισιν
878 1884 1100 1947 ἐλπίσιν
1146 1889 1473 1963 θυηπολεῖς
1512 1922 1595 1931 --
1642 1884 1865 1947 ἐλπίσιν
1911 1881 2149 1967 ἀγαθῆς
2192 1881 2462 1968 ἀγγελίας
2509 1923 2588 1934 -

439 1992 928 2054 Schneidewinus
988 1991 1461 2050 commodissime
1521 1992 1715 2051 adfert
1759 1992 1929 2050 Pind.
1987 1993 2097 2066 frg.
2150 1997 2300 2051 199:
2364 1987 2591 2051 ἐλπίσιν

441 2091 775 2165 ἀθανάταις
819 2086 990 2176 ἁρμῷ
1036 2090 1337 2173 φέρονται.
1404 2095 1700 2174 Equidem
1742 2096 1952 2154 addam
1996 2097 2139 2156 Eur.
2184 2095 2341 2154 Med.
2394 2099 2591 2155 10103

440 2195 616 2278 δόξης
660 2192 713 2258 δ’
752 2189 1014 2273 ἔσφᾶλην
1058 2189 1390 2277 εὐαγγέλου.
1439 2232 1524 2241 —-
1580 2198 1805 2257 Ultimo
1848 2199 1981 2257 loco
2028 2199 2130 2258 sed
2174 2199 2441 2273 graviter
2483 2219 2590 2257 no-

437 2305 600 2363 mino
646 2294 1001 2380 ταύρειος
1047 2294 1284 2373 φόνος
1328 2300 1491 2377 Sept.
1539 2305 1638 2359 44.
1726 2301 1922 2379 (Nihil
1964 2302 2139 2362 video
2188 2320 2422 2375 causae,
2484 2321 2591 2361 our

430 2399 622 2480 φόνος
665 2406 783 2463 hoc
823 2404 955 2463 loeo
1000 2403 1267 2463 indicare
1311 2407 1638 2477 ,‚cruor“
1683 2403 1877 2464 velint
1918 2404 2314 2483 interpretes„
2373 2396 2586 2484 θιγγά-

430 2529 549 2567 νειν
604 2509 668 2566 in
716 2508 1006 2584 ejusmodi
1060 2506 1333 2565 formulis
1378 2510 1471 2565 est
1514 2524 1796 2584 „operam
1844 2507 1984 2566 dare
2028 2508 2156 2567 rei“
2200 2508 2449 2586 perinde
2494 2513 2584 2566 at-

431 2631 545 2691 que
610 2602 1089 2688 προσθιγγᾶνειν.
1194 2609 1377 2685 Soph.
1423 2610 1537 2667 Ph.
1586 2614 1655 2668 93
1722 2602 1857 2669 οὔτε
1915 2607 2178 2687 λοιβῆς
2240 2597 2384 2686 ἧμιν
2446 2601 2584 2668 οὔτε

427 2704 720 2789 θυμάτων
772 2707 782 2791 Ι
839 2712 1036 2789 παρῆν
1081 2704 1313 2787 ἕκήλοις
1357 2712 1757 2790 προσθιγεῖν.)
1846 2713 2089 2772 Etenim
2132 2713 2350 2772 mirum
2395 2733 2582 2793 quan-

428 2823 574 2889 tum,
618 2820 687 2873 ut
730 2813 1059 2893 paullulum
1104 2813 1383 2872 deflectat
1428 2814 1619 2873 oratio
1666 2834 1813 2889 mea,
1858 2815 2002 2875 huic
2047 2816 2422 2878 substantivo
2468 2810 2581 2891 φό-

427 2940 531 2988 νος
591 2937 725 2977 cum
783 2916 1074 2993 ejusmodi
1135 2916 1446 2993 adjectivis
1502 2916 1847 2977 societatem
1891 2919 2137 2978 habenti
2183 2919 2281 2980 vel
2324 2921 2399 2979 ab
2446 2918 2581 2978 aliis

429 3022 821 3099 scriptoribus
883 3020 1232 3081 conceditur
1289 3021 1456 3081 locus
1517 3020 1665 3098 (non
1725 3023 1798 3081 ab
1842 3022 2165 3099 Homero),
2229 3021 2485 3082 maxime
2543 3040 2580 3080 a

427 3125 703 3200 tragicis:
750 3126 935 3201 Soph.
981 3124 1074 3183 Ai.
1111 3129 1264 3183 3093
1311 3115 1551 3201 ἇρνείου
1597 3117 1811 3197 φόνου.
1897 3125 1979 3185 ib.
2013 3130 2123 3184 55:
2167 3120 2354 3204 ἔκειρε
2397 3116 2579 3182 πολύ-

424 3247 614 3307 κερων
658 3220 868 3302 φόνον.
958 3229 1125 3287 Eur.
1174 3226 1308 3286 Hel.
1363 3231 1557 3285 1591:
1614 3223 1677 3286 ἐκ
1724 3225 2091 3306 ταυρείου
2148 3221 2403 3300 φόνου.
2494 3228 2576 3286 ib.

435 3335 624 3390 1582:
671 3326 769 3389 ἐπὶ
813 3327 1064 3412 ταυρείῳ
1111 3329 1331 3410 σφαγῇ.
1396 3329 1536 3404 Iph.
1582 3330 1648 3388 P.
1684 3330 1792 3389 723
1820 3323 2037 3414 ’Ἕλλην
2082 3323 2286 3404 φόνος.
2357 3332 2575 3391 Bacch.

430 3417 585 3492 7963
651 3423 843 3505 φόνον
886 3431 1100 3506 θῆλυν.
1191 3435 1252 3488 et
1311 3450 1386 3488 ne
1441 3431 1518 3489 ab
1563 3431 1964 3492 Herodoto
2012 3433 2251 3512 quidem
2296 3435 2580 3493 abhorret

426 3533 565 3606 VII,
621 3533 769 3592 1703
832 3528 1023 3606 φόνος
1079 3524 1416 3608 Ἑλληνικός
1477 3528 1750 3612 μέγιστος
1809 3520 1986 3603 οὗτος
2043 3568 2125 3579 —
2186 3531 2428 3615 ἐγένετο.
2495 3572 2574 3580 --

425 3638 591 3697 Lob.
640 3636 724 3694 ad
770 3636 876 3694 Ai.
922 3656 977 3697 v.
1031 3640 1105 3693 55
1153 3635 1430 3694 adnotat:
1477 3637 1590 3709 „In
1635 3636 1740 3695 La.
1785 3637 2066 3697 scribitur
2111 3631 2574 3718 woldxsqovLac

425 3733 766 3817 πολύκερως
795 3729 1005 3813 φόνος,
1051 3738 1433 3816 quantumvis
1465 3758 1501 3797 a
1531 3744 1737 3798 nostro
1773 3759 1951 3798 sensu
1980 3741 2327 3815 abhorrens,
2373 3749 2571 3801 tamen

426 3863 547 3902 non
605 3841 886 3902 licentius
948 3845 1038 3900 est
1093 3860 1270 3921 quam
1314 3834 1565 3922 γηγενὴς
1609 3835 1764 3918 μάχη
1809 3843 1970 3921 Oyol.
2017 3864 2073 3905 v.
2123 3850 2176 3903 5.
2264 3847 2400 3904 Jon.
2449 3845 2568 3902 987

560 3993 611 4056 1)
648 3993 962 4055 Thucydides
997 3993 1310 4054 potissimum
1347 3994 1554 4041 adhibet
1587 3996 1883 4055 pronomina
1916 3998 2204 4056 possessiva
2229 4012 2318 4057 pro
2342 3996 2573 4056 genetivo

422 4079 670 4138 objectivo
719 4080 884 4139 velut,
933 4084 987 4127 ut
1037 4079 1210 4140 paucis
1262 4085 1372 4128 utar
1422 4081 1678 4142 exemplis,
1717 4083 1757 4140 1,
1796 4084 1876 4140 33,
1917 4084 1964 4129 3.
2022 4082 2062 4141 Ι,
2102 4084 2184 4143 69,
2222 4085 2266 4129 5.
2323 4084 2362 4141 1,
2403 4084 2486 4141 77,
2524 4085 2571 4130 6.

423 4165 464 4225 1,
503 4165 617 4224 137,
653 4167 701 4213 4.
756 4164 845 4225 IV,
883 4167 964 4225 90,
1002 4167 1049 4212 1.
1120 4165 1180 4211 cf.
1218 4163 1520 4215 Classen.
1559 4167 1622 4213 ad
1655 4166 1697 4225 1,
1736 4167 1817 4228 33,
1854 4170 1901 4215 3.
