<?xml version="1.0" encoding="UTF-8"?>
<!DOCTYPE html PUBLIC "-//W3C//DTD XHTML 1.0 Transitional//EN"
    "http://www.w3.org/TR/xhtml1/DTD/xhtml1-transitional.dtd">
<html xmlns="http://www.w3.org/1999/xhtml" xml:lang="en" lang="en">
 <head>
  <title>
</title>
<meta http-equiv="Content-Type" content="text/html;charset=utf-8" />
  <meta name='ocr-system' content='tesseract 3.04.00' />
  <meta name='ocr-capabilities' content='ocr_page ocr_carea ocr_par ocr_line ocrx_word'/>
</head>
<body>
  <div class='ocr_page' id='page_1' title='image "./degenuiniquemvo01schegoog_0024.png"; bbox 0 0 3017 4759; ppageno 0'>
   <div class='ocr_carea' id='block_1_1' title="bbox 1319 290 1747 355">
    <p class='ocr_par' dir='ltr' id='par_1_1' title="bbox 1319 290 1747 355">
     <span class='ocr_line' id='line_1_1' title="bbox 1319 290 1747 355; baseline -0.009 -16"><span class='ocrx_word' id='word_1_1' title='bbox 1319 290 1747 355; x_wconf 62' lang='grc'><strong>...16-</strong></span> 
     </span>
    </p>
   </div>
   <div class='ocr_carea' id='block_1_2' title="bbox 450 436 2652 1455">
    <p class='ocr_par' dir='ltr' id='par_1_2' title="bbox 450 436 2652 1145">
     <span class='ocr_line' id='line_1_2' title="bbox 512 436 2652 522; baseline 0.001 -17"><span class='ocrx_word' id='word_1_2' title='bbox 512 449 516 462; x_wconf 80' lang='grc'><strong>“</strong></span> <span class='ocrx_word' id='word_1_3' title='bbox 621 443 920 517; x_wconf 81' lang='grc' dir='ltr'><strong><em>σθένος.</em></strong></span> <span class='ocrx_word' id='word_1_4' title='bbox 1013 450 1182 507; x_wconf 89' lang='lat' dir='ltr'>Eum.</span> <span class='ocrx_word' id='word_1_5' title='bbox 1234 452 1387 507; x_wconf 85' lang='lat'>295:</span> <span class='ocrx_word' id='word_1_6' title='bbox 1449 439 1616 507; x_wconf 80' lang='grc' dir='ltr'><strong><em>οῦτοι</em></strong></span> <span class='ocrx_word' id='word_1_7' title='bbox 1673 439 1723 503; x_wconf 88' lang='grc' dir='ltr'>σ’</span> <span class='ocrx_word' id='word_1_8' title='bbox 1766 437 2065 506; x_wconf 81' lang='grc' dir='ltr'><strong><em>Ἀπόλλων</em></strong></span> <span class='ocrx_word' id='word_1_9' title='bbox 2109 436 2240 505; x_wconf 78' lang='grc' dir='ltr'><strong><em>οὐδ’</em></strong></span> <span class='ocrx_word' id='word_1_10' title='bbox 2283 437 2652 522; x_wconf 74' lang='grc' dir='ltr'><strong><em>Ἀθηναίας,</em></strong></span> 
     </span>
     <span class='ocr_line' id='line_1_3' title="bbox 450 541 2611 632; baseline -0.001 -23"><span class='ocrx_word' id='word_1_11' title='bbox 450 546 666 620; x_wconf 84' lang='grc' dir='ltr'><em>σθένος</em></span> <span class='ocrx_word' id='word_1_12' title='bbox 725 549 735 632; x_wconf 87' lang='grc' dir='ltr'>Ι</span> <span class='ocrx_word' id='word_1_13' title='bbox 795 541 1020 628; x_wconf 73' lang='grc' dir='ltr'><strong><em>ῥύσαιτ’</em></strong></span> <span class='ocrx_word' id='word_1_14' title='bbox 1080 541 1174 612; x_wconf 79' lang='grc' dir='ltr'>ὅῖν.</span> <span class='ocrx_word' id='word_1_15' title='bbox 1279 551 1490 630; x_wconf 80' lang='lat' dir='ltr'><strong>Neque</strong></span> <span class='ocrx_word' id='word_1_16' title='bbox 1556 550 1754 608; x_wconf 90' lang='lat' dir='ltr'>minus</span> <span class='ocrx_word' id='word_1_17' title='bbox 1822 548 2413 609; x_wconf 78' lang='lat' dir='ltr'>circumlocutionem</span> <span class='ocrx_word' id='word_1_18' title='bbox 2478 547 2611 610; x_wconf 90' lang='lat' dir='ltr'>loco</span> 
     </span>
     <span class='ocr_line' id='line_1_4' title="bbox 452 643 2609 736; baseline -0 -25"><span class='ocrx_word' id='word_1_19' title='bbox 452 654 713 713; x_wconf 88' lang='lat' dir='ltr'>nominis</span> <span class='ocrx_word' id='word_1_20' title='bbox 758 653 993 732; x_wconf 89' lang='lat' dir='ltr'>proprii</span> <span class='ocrx_word' id='word_1_21' title='bbox 1038 652 1315 730; x_wconf 89' lang='lat' dir='ltr'>usurpari</span> <span class='ocrx_word' id='word_1_22' title='bbox 1357 654 1562 730; x_wconf 83' lang='lat' dir='ltr'>judico</span> <span class='ocrx_word' id='word_1_23' title='bbox 1607 655 1707 713; x_wconf 89' lang='lat' dir='ltr'>Pr.</span> <span class='ocrx_word' id='word_1_24' title='bbox 1759 657 1911 712; x_wconf 85' lang='lat'>430:</span> <span class='ocrx_word' id='word_1_25' title='bbox 1952 644 2274 736; x_wconf 78' lang='grc' dir='ltr'><strong><em>’Ἄτλαντος</em></strong></span> <span class='ocrx_word' id='word_1_26' title='bbox 2317 643 2609 730; x_wconf 71' lang='grc' dir='ltr'><strong><em>ὑπέροχον</em></strong></span> 
     </span>
     <span class='ocr_line' id='line_1_5' title="bbox 453 747 2610 836; baseline -0 -22"><span class='ocrx_word' id='word_1_27' title='bbox 453 751 672 827; x_wconf 86' lang='grc' dir='ltr'><strong><em>σθένος</em></strong></span> <span class='ocrx_word' id='word_1_28' title='bbox 716 747 1019 835; x_wconf 87' lang='grc' dir='ltr'><strong><em>κραταιόν.</em></strong></span> <span class='ocrx_word' id='word_1_29' title='bbox 1110 756 1336 815; x_wconf 85' lang='lat' dir='ltr'>Eadem</span> <span class='ocrx_word' id='word_1_30' title='bbox 1378 756 1618 815; x_wconf 89' lang='lat' dir='ltr'>ratione</span> <span class='ocrx_word' id='word_1_31' title='bbox 1678 763 1859 836; x_wconf 88' lang='lat' dir='ltr'>atque</span> <span class='ocrx_word' id='word_1_32' title='bbox 1905 755 2221 828; x_wconf 76' lang='lat' dir='ltr'>genetivus</span> <span class='ocrx_word' id='word_1_33' title='bbox 2280 773 2610 832; x_wconf 83' lang='lat' dir='ltr'><strong>pronomen</strong></span> 
     </span>
     <span class='ocr_line' id='line_1_6' title="bbox 451 857 2611 938; baseline -0 -20"><span class='ocrx_word' id='word_1_34' title='bbox 451 860 854 937; x_wconf 81' lang='lat' dir='ltr'>possessivum</span> <span class='ocrx_word' id='word_1_35' title='bbox 911 862 1115 936; x_wconf 80' lang='lat' dir='ltr'>aptum</span> <span class='ocrx_word' id='word_1_36' title='bbox 1179 863 1272 917; x_wconf 90' lang='lat' dir='ltr'>est</span> <span class='ocrx_word' id='word_1_37' title='bbox 1317 859 1475 938; x_wconf 87' lang='lat' dir='ltr'>quod</span> <span class='ocrx_word' id='word_1_38' title='bbox 1523 859 1821 937; x_wconf 81' lang='lat' dir='ltr'>exprimat</span> <span class='ocrx_word' id='word_1_39' title='bbox 1857 857 2232 935; x_wconf 84' lang='lat' dir='ltr'>pronominis</span> <span class='ocrx_word' id='word_1_40' title='bbox 2277 857 2611 934; x_wconf 86' lang='lat' dir='ltr'>personalis</span> 
     </span>
     <span class='ocr_line' id='line_1_7' title="bbox 452 945 2612 1041; baseline -0.001 -20"><span class='ocrx_word' id='word_1_41' title='bbox 452 979 768 1038; x_wconf 81' lang='lat' dir='ltr'>personam</span> <span class='ocrx_word' id='word_1_42' title='bbox 814 961 1134 1021; x_wconf 87' lang='lat' dir='ltr'>secundam</span> <span class='ocrx_word' id='word_1_43' title='bbox 1178 962 1349 1021; x_wconf 88' lang='lat' dir='ltr'>Eum.</span> <span class='ocrx_word' id='word_1_44' title='bbox 1401 962 1512 1020; x_wconf 82' lang='lat'>87:</span> <span class='ocrx_word' id='word_1_45' title='bbox 1559 957 1779 1032; x_wconf 81' lang='grc' dir='ltr'><strong><em>σθένος</em></strong></span> <span class='ocrx_word' id='word_1_46' title='bbox 1823 955 1887 1019; x_wconf 82' lang='grc' dir='ltr'>δὲ</span> <span class='ocrx_word' id='word_1_47' title='bbox 1930 964 2126 1020; x_wconf 83' lang='grc' dir='ltr'><strong><em>ποιεῖν</em></strong></span> <span class='ocrx_word' id='word_1_48' title='bbox 2170 945 2239 1019; x_wconf 76' lang='grc' dir='ltr'>εῦ</span> <span class='ocrx_word' id='word_1_49' title='bbox 2283 956 2612 1041; x_wconf 80' lang='grc' dir='ltr'><strong><em>φερέγγυον</em></strong></span> 
     </span>
     <span class='ocr_line' id='line_1_8' title="bbox 451 1055 2027 1145; baseline 0 -24"><span class='ocrx_word' id='word_1_50' title='bbox 451 1056 516 1122; x_wconf 77' lang='grc' dir='ltr'><strong><em>τό</em></strong></span> <span class='ocrx_word' id='word_1_51' title='bbox 565 1057 673 1122; x_wconf 85' lang='grc' dir='ltr'>σόν</span> <span class='ocrx_word' id='word_1_52' title='bbox 717 1059 963 1142; x_wconf 81' lang='grc' dir='ltr'><strong><em>(σθένος</em></strong></span> <span class='ocrx_word' id='word_1_53' title='bbox 1004 1056 1070 1123; x_wconf 77' lang='grc' dir='ltr'><strong><em>τό</em></strong></span> <span class='ocrx_word' id='word_1_54' title='bbox 1119 1055 1227 1123; x_wconf 88' lang='grc' dir='ltr'>σόν</span> <span class='ocrx_word' id='word_1_55' title='bbox 1270 1064 1433 1124; x_wconf 89' lang='lat' dir='ltr'>idem</span> <span class='ocrx_word' id='word_1_56' title='bbox 1476 1065 1643 1127; x_wconf 81' lang='lat' dir='ltr'>valet</span> <span class='ocrx_word' id='word_1_57' title='bbox 1686 1069 1865 1145; x_wconf 89' lang='lat' dir='ltr'>atque</span> <span class='ocrx_word' id='word_1_58' title='bbox 1910 1056 2027 1143; x_wconf 80' lang='grc' dir='ltr'>σύ).</span> 
     </span>
    </p>

    <p class='ocr_par' dir='ltr' id='par_1_3' title="bbox 451 1162 2612 1455">
     <span class='ocr_line' id='line_1_9' title="bbox 622 1162 2610 1247; baseline 0.001 -22"><span class='ocrx_word' id='word_1_59' title='bbox 622 1162 800 1243; x_wconf 86' lang='grc' dir='ltr'><strong><em>μένο</em></strong></span> <span class='ocrx_word' id='word_1_60' title='bbox 824 1187 854 1237; x_wconf 87' lang='grc' dir='ltr'><strong><em>ς</em></strong></span> <span class='ocrx_word' id='word_1_61' title='bbox 913 1167 1324 1247; x_wconf 85' lang='lat' dir='ltr'>metaphorice</span> <span class='ocrx_word' id='word_1_62' title='bbox 1390 1187 1499 1244; x_wconf 90' lang='lat' dir='ltr'>per</span> <span class='ocrx_word' id='word_1_63' title='bbox 1562 1168 1945 1247; x_wconf 83' lang='lat' dir='ltr'>periphrasin</span> <span class='ocrx_word' id='word_1_64' title='bbox 2011 1166 2297 1228; x_wconf 85' lang='lat' dir='ltr'>describit</span> <span class='ocrx_word' id='word_1_65' title='bbox 2358 1165 2610 1228; x_wconf 86' lang='lat' dir='ltr'>fluvium</span> 
     </span>
     <span class='ocr_line' id='line_1_10' title="bbox 451 1261 2607 1351; baseline 0 -23"><span class='ocrx_word' id='word_1_66' title='bbox 451 1270 654 1349; x_wconf 83' lang='lat' dir='ltr'>Suppl.</span> <span class='ocrx_word' id='word_1_67' title='bbox 704 1274 856 1330; x_wconf 39' lang='lat'>543¹:</span> <span class='ocrx_word' id='word_1_68' title='bbox 918 1261 1039 1329; x_wconf 71' lang='grc' dir='ltr'><strong><em>ὅντ’</em></strong></span> <span class='ocrx_word' id='word_1_69' title='bbox 1086 1266 1385 1351; x_wconf 79' lang='grc' dir='ltr'><strong><em>ἐπέρχεται</em></strong></span> <span class='ocrx_word' id='word_1_70' title='bbox 1439 1272 1627 1344; x_wconf 77' lang='grc' dir='ltr'><strong><em>Τυφῶ</em></strong></span> <span class='ocrx_word' id='word_1_71' title='bbox 1685 1266 1862 1347; x_wconf 87' lang='grc' dir='ltr'><strong><em>μένος</em></strong></span> <span class='ocrx_word' id='word_1_72' title='bbox 1904 1263 2071 1349; x_wconf 70' lang='grc' dir='ltr'><strong><em>ὕδωρ</em></strong></span> <span class='ocrx_word' id='word_1_73' title='bbox 2128 1261 2194 1329; x_wconf 78' lang='grc' dir='ltr'><strong><em>τό</em></strong></span> <span class='ocrx_word' id='word_1_74' title='bbox 2243 1267 2462 1328; x_wconf 78' lang='grc' dir='ltr'><strong><em>Νείλου</em></strong></span> <span class='ocrx_word' id='word_1_75' title='bbox 2505 1270 2607 1345; x_wconf 82' lang='lat' dir='ltr'>(cf.</span> 
     </span>
     <span class='ocr_line' id='line_1_11' title="bbox 451 1360 2612 1455; baseline -0.001 -22"><span class='ocrx_word' id='word_1_76' title='bbox 451 1375 633 1452; x_wconf 85' lang='lat' dir='ltr'>Soph.</span> <span class='ocrx_word' id='word_1_77' title='bbox 678 1374 776 1433; x_wconf 82' lang='lat' dir='ltr'>Tr.</span> <span class='ocrx_word' id='word_1_78' title='bbox 827 1374 976 1433; x_wconf 84' lang='lat'>507:</span> <span class='ocrx_word' id='word_1_79' title='bbox 1038 1365 1074 1432; x_wconf 86' lang='lat'>0‘</span> <span class='ocrx_word' id='word_1_80' title='bbox 1132 1367 1236 1449; x_wconf 81' lang='grc' dir='ltr'>μὲν</span> <span class='ocrx_word' id='word_1_81' title='bbox 1297 1360 1372 1449; x_wconf 78' lang='grc' dir='ltr'>ἦν</span> <span class='ocrx_word' id='word_1_82' title='bbox 1431 1375 1712 1450; x_wconf 80' lang='grc' dir='ltr'><strong><em>ποταμοῦ</em></strong></span> <span class='ocrx_word' id='word_1_83' title='bbox 1770 1369 1991 1443; x_wconf 82' lang='grc' dir='ltr'><strong><em>σθένος</em></strong></span> <span class='ocrx_word' id='word_1_84' title='bbox 2043 1407 2109 1415; x_wconf 88' lang='lat'><em>-</em></span> <span class='ocrx_word' id='word_1_85' title='bbox 2160 1364 2480 1455; x_wconf 69' lang='grc' dir='ltr'><strong><em>Ἀχελῷος).</em></strong></span> <span class='ocrx_word' id='word_1_86' title='bbox 2528 1407 2612 1416; x_wconf 89' lang='lat'>—-</span> 
     </span>
    </p>
   </div>
   <div class='ocr_carea' id='block_1_3' title="bbox 453 1463 2721 1555">
    <p class='ocr_par' dir='ltr' id='par_1_4' title="bbox 453 1463 2721 1555">
     <span class='ocr_line' id='line_1_12' title="bbox 453 1463 2721 1555; baseline -0.001 -20"><span class='ocrx_word' id='word_1_87' title='bbox 453 1477 621 1535; x_wconf 89' lang='lat' dir='ltr'>Haec</span> <span class='ocrx_word' id='word_1_88' title='bbox 695 1465 932 1555; x_wconf 56' lang='lat' dir='ltr'>quoque</span> <span class='ocrx_word' id='word_1_89' title='bbox 1001 1475 1513 1555; x_wconf 86' lang='lat' dir='ltr'>circumloquendi</span> <span class='ocrx_word' id='word_1_90' title='bbox 1579 1476 1734 1536; x_wconf 89' lang='lat' dir='ltr'>ratio</span> <span class='ocrx_word' id='word_1_91' title='bbox 1810 1476 1875 1534; x_wconf 92' lang='lat' dir='ltr'>in</span> <span class='ocrx_word' id='word_1_92' title='bbox 1949 1475 2293 1535; x_wconf 85' lang='lat' dir='ltr'>memoriam</span> <span class='ocrx_word' id='word_1_93' title='bbox 2365 1479 2612 1537; x_wconf 83' lang='lat' dir='ltr'>revocat</span> <span class='ocrx_word' id='word_1_94' title='bbox 2709 1463 2721 1486; x_wconf 63' lang='lat'><strong>&#39;</strong></span> 
     </span>
    </p>
   </div>
   <div class='ocr_carea' id='block_1_4' title="bbox 451 1567 2615 3616">
    <p class='ocr_par' dir='ltr' id='par_1_5' title="bbox 452 1567 2615 1861">
     <span class='ocr_line' id='line_1_13' title="bbox 452 1567 2609 1653; baseline -0.001 -16"><span class='ocrx_word' id='word_1_95' title='bbox 452 1579 528 1638; x_wconf 89' lang='lat' dir='ltr'>Il.</span> <span class='ocrx_word' id='word_1_96' title='bbox 559 1578 796 1652; x_wconf 86' lang='lat' dir='ltr'>XVIII,</span> <span class='ocrx_word' id='word_1_97' title='bbox 832 1580 972 1637; x_wconf 82' lang='lat'>607.</span> <span class='ocrx_word' id='word_1_98' title='bbox 1018 1577 1194 1652; x_wconf 91' lang='lat' dir='ltr'>XXI,</span> <span class='ocrx_word' id='word_1_99' title='bbox 1234 1584 1371 1653; x_wconf 87' lang='lat'>195,</span> <span class='ocrx_word' id='word_1_100' title='bbox 1406 1584 1561 1638; x_wconf 83' lang='lat'>356:</span> <span class='ocrx_word' id='word_1_101' title='bbox 1608 1577 1804 1638; x_wconf 80' lang='grc' dir='ltr'><strong><em>καίετο</em></strong></span> <span class='ocrx_word' id='word_1_102' title='bbox 1849 1570 1902 1636; x_wconf 84' lang='grc' dir='ltr'>δ’</span> <span class='ocrx_word' id='word_1_103' title='bbox 1926 1576 1989 1648; x_wconf 79' lang='grc' dir='ltr'><strong><em>’ἲς</em></strong></span> <span class='ocrx_word' id='word_1_104' title='bbox 2034 1580 2325 1653; x_wconf 87' lang='grc' dir='ltr'><strong><em>ποταμοῖο</em></strong></span> <span class='ocrx_word' id='word_1_105' title='bbox 2376 1573 2521 1645; x_wconf 89' lang='grc' dir='ltr'><strong><em>ἔπος</em></strong></span> <span class='ocrx_word' id='word_1_106' title='bbox 2564 1567 2609 1633; x_wconf 88' lang='grc' dir='ltr'><strong><em>τ’</em></strong></span> 
     </span>
     <span class='ocr_line' id='line_1_14' title="bbox 452 1672 2615 1757; baseline -0.002 -16"><span class='ocrx_word' id='word_1_107' title='bbox 452 1674 620 1757; x_wconf 87' lang='grc' dir='ltr'><strong><em>ἔφατ’</em></strong></span> <span class='ocrx_word' id='word_1_108' title='bbox 666 1678 730 1741; x_wconf 83' lang='grc' dir='ltr'><strong><em>ἔκ</em></strong></span> <span class='ocrx_word' id='word_1_109' title='bbox 787 1672 834 1739; x_wconf 88' lang='grc' dir='ltr'><strong><em>τ’</em></strong></span> <span class='ocrx_word' id='word_1_110' title='bbox 879 1672 1180 1757; x_wconf 83' lang='grc' dir='ltr'><strong><em>ὀνόμαζεν.</em></strong></span> <span class='ocrx_word' id='word_1_111' title='bbox 1231 1716 1313 1725; x_wconf 88' lang='lat'>--</span> <span class='ocrx_word' id='word_1_112' title='bbox 1373 1680 1510 1740; x_wconf 88' lang='lat' dir='ltr'>Alia</span> <span class='ocrx_word' id='word_1_113' title='bbox 1571 1686 1662 1740; x_wconf 91' lang='lat' dir='ltr'>est</span> <span class='ocrx_word' id='word_1_114' title='bbox 1717 1680 2032 1741; x_wconf 84' lang='lat' dir='ltr'>translatio</span> <span class='ocrx_word' id='word_1_115' title='bbox 2090 1682 2196 1739; x_wconf 82' lang='lat' dir='ltr'>Oh.</span> <span class='ocrx_word' id='word_1_116' title='bbox 2250 1680 2443 1739; x_wconf 85' lang='lat'>1073:</span> <span class='ocrx_word' id='word_1_117' title='bbox 2504 1681 2615 1737; x_wconf 90' lang='grc' dir='ltr'>ποῖ</span> 
     </span>
     <span class='ocr_line' id='line_1_15' title="bbox 453 1776 2448 1861; baseline 0.001 -19"><span class='ocrx_word' id='word_1_118' title='bbox 453 1779 758 1861; x_wconf 78' lang='grc' dir='ltr'><strong><em>καταλήξει</em></strong></span> <span class='ocrx_word' id='word_1_119' title='bbox 807 1779 1268 1861; x_wconf 81' lang='grc' dir='ltr'><strong><em>μετακοιμισθὲν</em></strong></span> <span class='ocrx_word' id='word_1_120' title='bbox 1313 1780 1489 1859; x_wconf 82' lang='grc' dir='ltr'><strong><em>μένος</em></strong></span> <span class='ocrx_word' id='word_1_121' title='bbox 1536 1776 1698 1861; x_wconf 63' lang='grc' dir='ltr'><strong><em>ἄτης.</em></strong></span> <span class='ocrx_word' id='word_1_122' title='bbox 1775 1805 1779 1812; x_wconf 76' lang='grc'><strong>’</strong></span> <span class='ocrx_word' id='word_1_123' title='bbox 2445 1805 2448 1810; x_wconf 91' lang='grc'><em>·</em></span> 
     </span>
    </p>

    <p class='ocr_par' dir='ltr' id='par_1_6' title="bbox 451 1877 2610 2275">
     <span class='ocr_line' id='line_1_16' title="bbox 623 1877 2610 1968; baseline -0.003 -21"><span class='ocrx_word' id='word_1_124' title='bbox 623 1879 925 1967; x_wconf 87' lang='grc' dir='ltr'><strong><em>κράτος.</em></strong></span> <span class='ocrx_word' id='word_1_125' title='bbox 1012 1889 1184 1949; x_wconf 89' lang='lat' dir='ltr'>Eum.</span> <span class='ocrx_word' id='word_1_126' title='bbox 1222 1889 1332 1947; x_wconf 84' lang='lat'>27:</span> <span class='ocrx_word' id='word_1_127' title='bbox 1397 1885 1901 1955; x_wconf 81' lang='grc' dir='ltr'><strong><em>Ποσειδῶνος</em></strong></span> <span class='ocrx_word' id='word_1_128' title='bbox 1957 1877 2237 1965; x_wconf 84' lang='grc' dir='ltr'><strong><em>κράτος</em></strong></span> <span class='ocrx_word' id='word_1_129' title='bbox 2280 1881 2304 1968; x_wconf 78' lang='grc' dir='ltr'>ΙΙ</span> <span class='ocrx_word' id='word_1_130' title='bbox 2350 1885 2610 1943; x_wconf 83' lang='grc' dir='ltr'><strong><em>καλοῦσα</em></strong></span> 
     </span>
     <span class='ocr_line' id='line_1_17' title="bbox 451 1973 2610 2068; baseline -0.002 -17"><span class='ocrx_word' id='word_1_131' title='bbox 451 1989 551 2051; x_wconf 82' lang='grc' dir='ltr'>καὶ</span> <span class='ocrx_word' id='word_1_132' title='bbox 613 1986 827 2049; x_wconf 85' lang='grc' dir='ltr'><strong><em>τέλειον</em></strong></span> <span class='ocrx_word' id='word_1_133' title='bbox 890 1984 1216 2065; x_wconf 70' lang='grc' dir='ltr'><strong><em>ὕψιστον</em></strong></span> <span class='ocrx_word' id='word_1_134' title='bbox 1272 1990 1413 2049; x_wconf 85' lang='grc' dir='ltr'>Δία</span> <span class='ocrx_word' id='word_1_135' title='bbox 1458 1989 1764 2068; x_wconf 81' lang='lat' dir='ltr'>(Minerva</span> <span class='ocrx_word' id='word_1_136' title='bbox 1821 1994 2073 2050; x_wconf 81' lang='lat' dir='ltr'>vocatur</span> <span class='ocrx_word' id='word_1_137' title='bbox 2129 1989 2293 2066; x_wconf 80' lang='lat' dir='ltr'>Sept.</span> <span class='ocrx_word' id='word_1_138' title='bbox 2342 1993 2491 2047; x_wconf 84' lang='lat'>120:</span> <span class='ocrx_word' id='word_1_139' title='bbox 2558 1973 2610 2046; x_wconf 71' lang='lat' dir='ltr'>ai</span> 
     </span>
     <span class='ocr_line' id='line_1_18' title="bbox 455 2084 2607 2174; baseline -0.002 -21"><span class='ocrx_word' id='word_1_140' title='bbox 455 2089 729 2174; x_wconf 79' lang='grc' dir='ltr'><strong><em>Διογενὲς</em></strong></span> <span class='ocrx_word' id='word_1_141' title='bbox 774 2085 1105 2169; x_wconf 83' lang='grc' dir='ltr'><strong><em>φιλόμαχον</em></strong></span> <span class='ocrx_word' id='word_1_142' title='bbox 1147 2084 1365 2170; x_wconf 87' lang='grc' dir='ltr'><strong><em>κράτος</em></strong></span> <span class='ocrx_word' id='word_1_143' title='bbox 1409 2094 1629 2166; x_wconf 88' lang='lat' dir='ltr'>„robus</span> <span class='ocrx_word' id='word_1_144' title='bbox 1689 2113 1893 2152; x_wconf 88' lang='lat' dir='ltr'>amans</span> <span class='ocrx_word' id='word_1_145' title='bbox 1952 2095 2245 2171; x_wconf 84' lang='lat' dir='ltr'>pugnae“,</span> <span class='ocrx_word' id='word_1_146' title='bbox 2311 2096 2378 2150; x_wconf 89' lang='lat' dir='ltr'>ut</span> <span class='ocrx_word' id='word_1_147' title='bbox 2413 2090 2607 2166; x_wconf 53' lang='lat' dir='ltr'>‚belli-</span> 
     </span>
     <span class='ocr_line' id='line_1_19' title="bbox 458 2194 1467 2275; baseline -0.003 -18"><span class='ocrx_word' id='word_1_148' title='bbox 458 2218 656 2258; x_wconf 89' lang='lat' dir='ltr'>cosam</span> <span class='ocrx_word' id='word_1_149' title='bbox 701 2216 831 2256; x_wconf 88' lang='lat' dir='ltr'>eam</span> <span class='ocrx_word' id='word_1_150' title='bbox 876 2216 1006 2256; x_wconf 90' lang='lat' dir='ltr'>esse</span> <span class='ocrx_word' id='word_1_151' title='bbox 1053 2194 1467 2275; x_wconf 85' lang='lat' dir='ltr'>significetur).</span> 
     </span>
    </p>

    <p class='ocr_par' dir='ltr' id='par_1_7' title="bbox 451 2289 2611 2891">
     <span class='ocr_line' id='line_1_20' title="bbox 627 2289 2607 2380; baseline -0.002 -23"><span class='ocrx_word' id='word_1_152' title='bbox 627 2293 787 2376; x_wconf 78' lang='grc' dir='ltr'><strong><em>ἶσχύ</em></strong></span> <span class='ocrx_word' id='word_1_153' title='bbox 804 2320 848 2368; x_wconf 90' lang='grc' dir='ltr'><strong><em>ς.</em></strong></span> <span class='ocrx_word' id='word_1_154' title='bbox 939 2299 1102 2379; x_wconf 82' lang='lat' dir='ltr'>Sept.</span> <span class='ocrx_word' id='word_1_155' title='bbox 1148 2303 1350 2380; x_wconf 23' lang='lat'>&#39;10592</span> <span class='ocrx_word' id='word_1_156' title='bbox 1410 2290 1552 2375; x_wconf 77' lang='grc' dir='ltr'><strong><em>μετά</em></strong></span> <span class='ocrx_word' id='word_1_157' title='bbox 1614 2290 1726 2377; x_wconf 79' lang='grc' dir='ltr'><strong><em>γάρ</em></strong></span> <span class='ocrx_word' id='word_1_158' title='bbox 1774 2291 2047 2378; x_wconf 88' lang='grc' dir='ltr'><strong><em>μάκαρας</em></strong></span> <span class='ocrx_word' id='word_1_159' title='bbox 2100 2293 2201 2357; x_wconf 83' lang='grc' dir='ltr'>καὶ</span> <span class='ocrx_word' id='word_1_160' title='bbox 2249 2289 2397 2367; x_wconf 76' lang='grc' dir='ltr'><strong><em>Διὸς</em></strong></span> <span class='ocrx_word' id='word_1_161' title='bbox 2444 2289 2607 2374; x_wconf 80' lang='grc' dir='ltr'><strong><em>ἰσχῦν</em></strong></span> 
     </span>
     <span class='ocr_line' id='line_1_21' title="bbox 459 2393 2610 2485; baseline -0.001 -24"><span class='ocrx_word' id='word_1_162' title='bbox 459 2400 467 2485; x_wconf 73' lang='grc' dir='ltr'>Ι</span> <span class='ocrx_word' id='word_1_163' title='bbox 529 2395 630 2461; x_wconf 71' lang='grc' dir='ltr'><strong><em>’ὅδε</em></strong></span> <span class='ocrx_word' id='word_1_164' title='bbox 689 2398 1003 2478; x_wconf 80' lang='grc' dir='ltr'><strong><em>Καδμείων</em></strong></span> <span class='ocrx_word' id='word_1_165' title='bbox 1062 2393 1242 2479; x_wconf 78' lang='grc' dir='ltr'><strong><em>ἤρυξε</em></strong></span> <span class='ocrx_word' id='word_1_166' title='bbox 1301 2394 1504 2473; x_wconf 80' lang='grc' dir='ltr'><strong><em>πόλιν;</em></strong></span> <span class='ocrx_word' id='word_1_167' title='bbox 1576 2421 1708 2460; x_wconf 90' lang='lat' dir='ltr'>cum</span> <span class='ocrx_word' id='word_1_168' title='bbox 1767 2402 2047 2476; x_wconf 84' lang='lat' dir='ltr'>genetivo</span> <span class='ocrx_word' id='word_1_169' title='bbox 2108 2400 2196 2461; x_wconf 89' lang='lat' dir='ltr'>rei</span> <span class='ocrx_word' id='word_1_170' title='bbox 2256 2402 2371 2460; x_wconf 90' lang='lat' dir='ltr'>hoc</span> <span class='ocrx_word' id='word_1_171' title='bbox 2431 2421 2610 2460; x_wconf 88' lang='lat' dir='ltr'>sensu</span> 
     </span>
     <span class='ocr_line' id='line_1_22' title="bbox 451 2495 2611 2583; baseline -0.001 -20"><span class='ocrx_word' id='word_1_172' title='bbox 451 2504 728 2582; x_wconf 83' lang='lat' dir='ltr'>jungitur</span> <span class='ocrx_word' id='word_1_173' title='bbox 790 2504 896 2562; x_wconf 90' lang='lat' dir='ltr'>illa</span> <span class='ocrx_word' id='word_1_174' title='bbox 957 2524 1111 2566; x_wconf 82' lang='lat' dir='ltr'>vox:</span> <span class='ocrx_word' id='word_1_175' title='bbox 1176 2506 1343 2563; x_wconf 89' lang='lat' dir='ltr'>Pers.</span> <span class='ocrx_word' id='word_1_176' title='bbox 1409 2508 1558 2562; x_wconf 86' lang='lat'>149:</span> <span class='ocrx_word' id='word_1_177' title='bbox 1626 2495 1668 2579; x_wconf 74' lang='grc' dir='ltr'>ἢ</span> <span class='ocrx_word' id='word_1_178' title='bbox 1735 2498 2112 2582; x_wconf 85' lang='grc' dir='ltr'><strong><em>δορυκράνου</em></strong></span> <span class='ocrx_word' id='word_1_179' title='bbox 2172 2497 2383 2583; x_wconf 78' lang='grc' dir='ltr'><strong><em>λόγχης</em></strong></span> <span class='ocrx_word' id='word_1_180' title='bbox 2449 2495 2611 2580; x_wconf 72' lang='grc' dir='ltr'><strong><em>ἰσχῦς</em></strong></span> 
     </span>
     <span class='ocr_line' id='line_1_23' title="bbox 455 2598 2607 2685; baseline -0.002 -18"><span class='ocrx_word' id='word_1_181' title='bbox 455 2599 832 2685; x_wconf 78' lang='grc' dir='ltr'><strong><em>κεκράτηκεν.</em></strong></span> <span class='ocrx_word' id='word_1_182' title='bbox 866 2640 950 2650; x_wconf 93' lang='grc'>-</span> <span class='ocrx_word' id='word_1_183' title='bbox 994 2606 1171 2664; x_wconf 89' lang='lat' dir='ltr'>Haud</span> <span class='ocrx_word' id='word_1_184' title='bbox 1216 2605 1394 2665; x_wconf 86' lang='lat' dir='ltr'>aliter</span> <span class='ocrx_word' id='word_1_185' title='bbox 1437 2605 1660 2664; x_wconf 87' lang='lat' dir='ltr'>dictum</span> <span class='ocrx_word' id='word_1_186' title='bbox 1707 2611 1799 2664; x_wconf 90' lang='lat' dir='ltr'>est</span> <span class='ocrx_word' id='word_1_187' title='bbox 1843 2611 1953 2680; x_wconf 88' lang='lat' dir='ltr'>Ag.</span> <span class='ocrx_word' id='word_1_188' title='bbox 1989 2606 2065 2664; x_wconf 85' lang='grc'>27</span> <span class='ocrx_word' id='word_1_189' title='bbox 2073 2613 2141 2665; x_wconf 84' lang='lat'>4:</span> <span class='ocrx_word' id='word_1_190' title='bbox 2189 2598 2351 2683; x_wconf 70' lang='grc' dir='ltr'><strong><em>ἰσχῦς</em></strong></span> <span class='ocrx_word' id='word_1_191' title='bbox 2392 2624 2607 2685; x_wconf 80' lang='grc' dir='ltr'><strong><em>πορευ-</em></strong></span> 
     </span>
     <span class='ocr_line' id='line_1_24' title="bbox 457 2701 2607 2786; baseline 0 -18"><span class='ocrx_word' id='word_1_192' title='bbox 457 2711 566 2768; x_wconf 87' lang='grc' dir='ltr'><strong><em>τοῦ</em></strong></span> <span class='ocrx_word' id='word_1_193' title='bbox 609 2701 921 2784; x_wconf 76' lang='grc' dir='ltr'><strong><em>λαμπάδος</em></strong></span> <span class='ocrx_word' id='word_1_194' title='bbox 966 2708 1095 2786; x_wconf 88' lang='lat' dir='ltr'>(ubi</span> <span class='ocrx_word' id='word_1_195' title='bbox 1141 2714 1341 2767; x_wconf 89' lang='lat' dir='ltr'>tamen</span> <span class='ocrx_word' id='word_1_196' title='bbox 1388 2704 1564 2785; x_wconf 82' lang='grc' dir='ltr'><strong><em>ἰχθῦς</em></strong></span> <span class='ocrx_word' id='word_1_197' title='bbox 1609 2708 1940 2786; x_wconf 86' lang='lat' dir='ltr'>suspicatus</span> <span class='ocrx_word' id='word_1_198' title='bbox 1987 2713 2078 2767; x_wconf 88' lang='lat' dir='ltr'>est</span> <span class='ocrx_word' id='word_1_199' title='bbox 2122 2708 2479 2785; x_wconf 88' lang='lat' dir='ltr'>Ahrensius)</span> <span class='ocrx_word' id='word_1_200' title='bbox 2525 2741 2607 2751; x_wconf 92' lang='lat'>—-</span> 
     </span>
     <span class='ocr_line' id='line_1_25' title="bbox 459 2801 2226 2891; baseline -0.001 -20"><span class='ocrx_word' id='word_1_201' title='bbox 459 2818 638 2891; x_wconf 89' lang='lat' dir='ltr'>atque</span> <span class='ocrx_word' id='word_1_202' title='bbox 683 2811 843 2888; x_wconf 83' lang='lat' dir='ltr'>Sept.</span> <span class='ocrx_word' id='word_1_203' title='bbox 890 2816 1048 2871; x_wconf 80' lang='lat'>469:</span> <span class='ocrx_word' id='word_1_204' title='bbox 1092 2806 1365 2889; x_wconf 81' lang='grc' dir='ltr'><strong><em>τέταρτος</em></strong></span> <span class='ocrx_word' id='word_1_205' title='bbox 1409 2802 1582 2880; x_wconf 68' lang='grc' dir='ltr'><strong><em>ἄλλος</em></strong></span> <span class='ocrx_word' id='word_1_206' title='bbox 1625 2844 1710 2854; x_wconf 91' lang='lat'>—-—</span> <span class='ocrx_word' id='word_1_207' title='bbox 1749 2801 2226 2888; x_wconf 79' lang='grc' dir='ltr'><strong><em>Ἱππομέδοντος</em></strong></span> 
     </span>
    </p>

    <p class='ocr_par' dir='ltr' id='par_1_8' title="bbox 459 2906 2610 3091">
     <span class='ocr_line' id='line_1_26' title="bbox 631 2906 2610 2994; baseline 0.003 -24"><span class='ocrx_word' id='word_1_208' title='bbox 631 2914 873 2990; x_wconf 81' lang='grc' dir='ltr'><strong><em>σχῆμα</em></strong></span> <span class='ocrx_word' id='word_1_209' title='bbox 935 2909 1036 2972; x_wconf 83' lang='grc' dir='ltr'>καὶ</span> <span class='ocrx_word' id='word_1_210' title='bbox 1101 2909 1329 2994; x_wconf 82' lang='grc' dir='ltr'><strong><em>μέγας</em></strong></span> <span class='ocrx_word' id='word_1_211' title='bbox 1397 2906 1635 2982; x_wconf 82' lang='grc' dir='ltr'><strong><em>τύπος</em></strong></span> <span class='ocrx_word' id='word_1_212' title='bbox 1703 2910 1858 2976; x_wconf 78' lang='lat' dir='ltr'>conf.</span> <span class='ocrx_word' id='word_1_213' title='bbox 1924 2916 2059 2975; x_wconf 85' lang='lat' dir='ltr'>adn.</span> <span class='ocrx_word' id='word_1_214' title='bbox 2118 2916 2317 2978; x_wconf 81' lang='lat' dir='ltr'>Schol.</span> <span class='ocrx_word' id='word_1_215' title='bbox 2375 2917 2458 2975; x_wconf 85' lang='lat' dir='ltr'>M.</span> <span class='ocrx_word' id='word_1_216' title='bbox 2527 2948 2610 2959; x_wconf 87' lang='lat'>--</span> 
     </span>
     <span class='ocr_line' id='line_1_27' title="bbox 459 3016 1084 3091; baseline -0.005 -14"><span class='ocrx_word' id='word_1_217' title='bbox 459 3018 673 3077; x_wconf 88' lang='lat' dir='ltr'>Blomf.</span> <span class='ocrx_word' id='word_1_218' title='bbox 718 3016 895 3091; x_wconf 76' lang='lat' dir='ltr'>glosS.</span> <span class='ocrx_word' id='word_1_219' title='bbox 942 3022 1084 3076; x_wconf 86' lang='lat'>484.</span> 
     </span>
    </p>

    <p class='ocr_par' dir='ltr' id='par_1_9' title="bbox 461 3119 2613 3616">
     <span class='ocr_line' id='line_1_28' title="bbox 627 3119 2610 3201; baseline 0 -23"><span class='ocrx_word' id='word_1_220' title='bbox 627 3119 741 3179; x_wconf 84' lang='lat' dir='ltr'>Sed</span> <span class='ocrx_word' id='word_1_221' title='bbox 788 3141 910 3179; x_wconf 92' lang='lat' dir='ltr'>non</span> <span class='ocrx_word' id='word_1_222' title='bbox 971 3120 1160 3180; x_wconf 90' lang='lat' dir='ltr'>solum</span> <span class='ocrx_word' id='word_1_223' title='bbox 1220 3120 1487 3197; x_wconf 89' lang='lat' dir='ltr'>corporis</span> <span class='ocrx_word' id='word_1_224' title='bbox 1547 3122 1706 3180; x_wconf 89' lang='lat' dir='ltr'>bona</span> <span class='ocrx_word' id='word_1_225' title='bbox 1751 3121 1968 3201; x_wconf 88' lang='lat' dir='ltr'>quibus</span> <span class='ocrx_word' id='word_1_226' title='bbox 2013 3123 2254 3182; x_wconf 87' lang='lat' dir='ltr'>habitus</span> <span class='ocrx_word' id='word_1_227' title='bbox 2313 3126 2374 3179; x_wconf 91' lang='lat' dir='ltr'>et</span> <span class='ocrx_word' id='word_1_228' title='bbox 2414 3121 2610 3194; x_wconf 87' lang='lat' dir='ltr'>figura</span> 
     </span>
     <span class='ocr_line' id='line_1_29' title="bbox 461 3223 2610 3303; baseline -0.001 -20"><span class='ocrx_word' id='word_1_229' title='bbox 461 3224 710 3300; x_wconf 85' lang='lat' dir='ltr'>alicujus</span> <span class='ocrx_word' id='word_1_230' title='bbox 742 3224 1089 3299; x_wconf 85' lang='lat' dir='ltr'>efferuntur,</span> <span class='ocrx_word' id='word_1_231' title='bbox 1120 3243 1454 3302; x_wconf 87' lang='lat' dir='ltr'>personam,</span> <span class='ocrx_word' id='word_1_232' title='bbox 1487 3224 1560 3282; x_wconf 85' lang='lat' dir='ltr'>de</span> <span class='ocrx_word' id='word_1_233' title='bbox 1594 3243 1714 3303; x_wconf 88' lang='lat' dir='ltr'>qua</span> <span class='ocrx_word' id='word_1_234' title='bbox 1742 3224 1958 3298; x_wconf 86' lang='lat' dir='ltr'>agitur,</span> <span class='ocrx_word' id='word_1_235' title='bbox 1992 3223 2160 3303; x_wconf 88' lang='lat' dir='ltr'>quasi</span> <span class='ocrx_word' id='word_1_236' title='bbox 2191 3244 2300 3303; x_wconf 90' lang='lat' dir='ltr'>per</span> <span class='ocrx_word' id='word_1_237' title='bbox 2321 3223 2610 3282; x_wconf 87' lang='lat' dir='ltr'>ambitum</span> 
     </span>
     <span class='ocr_line' id='line_1_30' title="bbox 463 3317 2611 3416; baseline -0.002 -30"><span class='ocrx_word' id='word_1_238' title='bbox 463 3329 785 3386; x_wconf 82' lang='lat' dir='ltr'>verborum</span> <span class='ocrx_word' id='word_1_239' title='bbox 843 3329 1182 3416; x_wconf 66' lang='lat' dir='ltr'>enuntiant⁸</span> <span class='ocrx_word' id='word_1_240' title='bbox 1203 3345 1410 3388; x_wconf 81' lang='lat' dir='ltr'>verum</span> <span class='ocrx_word' id='word_1_241' title='bbox 1469 3325 1649 3385; x_wconf 89' lang='lat' dir='ltr'>etiam</span> <span class='ocrx_word' id='word_1_242' title='bbox 1705 3331 1863 3386; x_wconf 89' lang='lat' dir='ltr'>artes</span> <span class='ocrx_word' id='word_1_243' title='bbox 1908 3326 2092 3385; x_wconf 89' lang='lat' dir='ltr'>animi</span> <span class='ocrx_word' id='word_1_244' title='bbox 2137 3328 2234 3386; x_wconf 88' lang='lat' dir='ltr'>Pr.</span> <span class='ocrx_word' id='word_1_245' title='bbox 2284 3332 2436 3387; x_wconf 85' lang='lat'>380:</span> <span class='ocrx_word' id='word_1_246' title='bbox 2498 3317 2611 3384; x_wconf 86' lang='grc' dir='ltr'><strong><em>ἔστ’</em></strong></span> 
     </span>
     <span class='ocr_line' id='line_1_31' title="bbox 464 3419 2613 3511; baseline 0.001 -25"><span class='ocrx_word' id='word_1_247' title='bbox 464 3420 538 3486; x_wconf 62' lang='grc' dir='ltr'>ἄν</span> <span class='ocrx_word' id='word_1_248' title='bbox 570 3421 717 3497; x_wconf 79' lang='grc' dir='ltr'><strong><em>Διὸς</em></strong></span> <span class='ocrx_word' id='word_1_249' title='bbox 762 3423 1110 3507; x_wconf 89' lang='grc' dir='ltr'><strong><em>φρόνημα</em></strong></span> <span class='ocrx_word' id='word_1_250' title='bbox 1154 3421 1406 3511; x_wconf 72' lang='grc' dir='ltr'><strong><em>λωφήσῃ</em></strong></span> <span class='ocrx_word' id='word_1_251' title='bbox 1450 3419 1643 3503; x_wconf 80' lang='grc' dir='ltr'><strong><em>χόλου.</em></strong></span> <span class='ocrx_word' id='word_1_252' title='bbox 1711 3432 1825 3502; x_wconf 84' lang='lat' dir='ltr'>Ag.</span> <span class='ocrx_word' id='word_1_253' title='bbox 1862 3436 2015 3490; x_wconf 83' lang='lat'>560:</span> <span class='ocrx_word' id='word_1_254' title='bbox 2060 3425 2269 3510; x_wconf 85' lang='grc' dir='ltr'><strong><em>χάρις</em></strong></span> <span class='ocrx_word' id='word_1_255' title='bbox 2312 3424 2613 3507; x_wconf 81' lang='grc' dir='ltr'><strong><em>τιμήσεται</em></strong></span> 
     </span>
     <span class='ocr_line' id='line_1_32' title="bbox 466 3522 2610 3616; baseline 0.001 -28"><span class='ocrx_word' id='word_1_256' title='bbox 466 3523 615 3599; x_wconf 79' lang='grc' dir='ltr'><strong><em>Διός</em></strong></span> <span class='ocrx_word' id='word_1_257' title='bbox 657 3522 779 3588; x_wconf 87' lang='grc' dir='ltr'><strong><em>τόδ’</em></strong></span> <span class='ocrx_word' id='word_1_258' title='bbox 822 3522 1180 3609; x_wconf 81' lang='grc' dir='ltr'><strong><em>έκπράξασα.</em></strong></span> <span class='ocrx_word' id='word_1_259' title='bbox 1254 3532 1353 3589; x_wconf 88' lang='lat' dir='ltr'>Pr.</span> <span class='ocrx_word' id='word_1_260' title='bbox 1401 3536 1555 3589; x_wconf 86' lang='lat'>901:</span> <span class='ocrx_word' id='word_1_261' title='bbox 1587 3525 1746 3605; x_wconf 78' lang='grc' dir='ltr'><strong><em>μηδὲ</em></strong></span> <span class='ocrx_word' id='word_1_262' title='bbox 1790 3525 2146 3609; x_wconf 79' lang='grc' dir='ltr'><strong><em>κρεισσόνων</em></strong></span> <span class='ocrx_word' id='word_1_263' title='bbox 2182 3529 2193 3616; x_wconf 84' lang='grc' dir='ltr'>Ι</span> <span class='ocrx_word' id='word_1_264' title='bbox 2232 3533 2394 3590; x_wconf 75' lang='grc' dir='ltr'><strong><em>θεῶν</em></strong></span> <span class='ocrx_word' id='word_1_265' title='bbox 2438 3529 2610 3610; x_wconf 85' lang='grc' dir='ltr'><strong><em>ἔρως</em></strong></span> 
     </span>
    </p>
   </div>
   <div class='ocr_carea' id='block_1_5' title="bbox 466 3624 2718 3714">
    <p class='ocr_par' dir='ltr' id='par_1_10' title="bbox 466 3624 2718 3714">
     <span class='ocr_line' id='line_1_33' title="bbox 466 3624 2718 3714; baseline -0.008 -7"><span class='ocrx_word' id='word_1_266' title='bbox 466 3634 577 3710; x_wconf 86' lang='lat'>(=</span> <span class='ocrx_word' id='word_1_267' title='bbox 610 3628 741 3691; x_wconf 69' lang='grc' dir='ltr'>θέθῖ</span> <span class='ocrx_word' id='word_1_268' title='bbox 792 3628 1064 3710; x_wconf 60' lang='grc' dir='ltr'>ἐρῶντες)</span> <span class='ocrx_word' id='word_1_269' title='bbox 1127 3624 1398 3707; x_wconf 64' lang='grc' dir='ltr'><strong><em>ἄφυκτον</em></strong></span> <span class='ocrx_word' id='word_1_270' title='bbox 1458 3626 1619 3709; x_wconf 74' lang='grc' dir='ltr'><strong><em>ὄμμα</em></strong></span> <span class='ocrx_word' id='word_1_271' title='bbox 1662 3627 2030 3714; x_wconf 75' lang='grc' dir='ltr'><strong><em>προσδράκοι</em></strong></span> <span class='ocrx_word' id='word_1_272' title='bbox 2074 3655 2166 3714; x_wconf 74' lang='grc' dir='ltr'><strong><em>με.</em></strong></span> <span class='ocrx_word' id='word_1_273' title='bbox 2251 3636 2387 3694; x_wconf 89' lang='lat' dir='ltr'>Huc</span> <span class='ocrx_word' id='word_1_274' title='bbox 2432 3634 2611 3693; x_wconf 90' lang='lat' dir='ltr'>etiam</span> <span class='ocrx_word' id='word_1_275' title='bbox 2713 3675 2718 3682; x_wconf 80' lang='lat'><strong>·</strong></span> 
     </span>
    </p>
   </div>
   <div class='ocr_carea' id='block_1_6' title="bbox 464 3726 2613 4021">
    <p class='ocr_par' dir='ltr' id='par_1_11' title="bbox 464 3726 2613 4021">
     <span class='ocr_line' id='line_1_34' title="bbox 464 3726 2613 3815; baseline -0.001 -19"><span class='ocrx_word' id='word_1_276' title='bbox 464 3738 690 3796; x_wconf 86' lang='lat' dir='ltr'>referas</span> <span class='ocrx_word' id='word_1_277' title='bbox 718 3734 923 3813; x_wconf 82' lang='lat' dir='ltr'>Suppl.</span> <span class='ocrx_word' id='word_1_278' title='bbox 959 3733 1035 3793; x_wconf 87' lang='grc'>57</span> <span class='ocrx_word' id='word_1_279' title='bbox 1050 3756 1065 3794; x_wconf 78' lang='lat' dir='ltr'>t</span> <span class='ocrx_word' id='word_1_280' title='bbox 1112 3726 1356 3793; x_wconf 76' lang='grc' dir='ltr'><strong><em>ἀκούειν</em></strong></span> <span class='ocrx_word' id='word_1_281' title='bbox 1389 3727 1508 3794; x_wconf 72' lang='grc' dir='ltr'>ὅπα</span> <span class='ocrx_word' id='word_1_282' title='bbox 1540 3736 1645 3805; x_wconf 78' lang='grc' dir='ltr'>τᾶς</span> <span class='ocrx_word' id='word_1_283' title='bbox 1684 3736 2000 3814; x_wconf 83' lang='grc' dir='ltr'><strong><em>Τηρεΐας</em></strong></span> <span class='ocrx_word' id='word_1_284' title='bbox 2029 3732 2339 3814; x_wconf 85' lang='grc' dir='ltr'><strong><em>μήτιδος</em></strong></span> <span class='ocrx_word' id='word_1_285' title='bbox 2369 3733 2613 3815; x_wconf 78' lang='grc' dir='ltr'><strong><em>οἰκτρᾶς</em></strong></span> 
     </span>
     <span class='ocr_line' id='line_1_35' title="bbox 466 3830 2610 3920; baseline -0 -23"><span class='ocrx_word' id='word_1_286' title='bbox 466 3831 705 3915; x_wconf 79' lang='grc' dir='ltr'><strong><em>άλόχου.</em></strong></span> <span class='ocrx_word' id='word_1_287' title='bbox 762 3836 958 3897; x_wconf 79' lang='lat' dir='ltr'>Schol.</span> <span class='ocrx_word' id='word_1_288' title='bbox 976 3839 1085 3896; x_wconf 80' lang='lat' dir='ltr'>M.:</span> <span class='ocrx_word' id='word_1_289' title='bbox 1127 3835 1375 3915; x_wconf 81' lang='grc' dir='ltr'><strong><em>Τηρείας</em></strong></span> <span class='ocrx_word' id='word_1_290' title='bbox 1397 3830 1645 3914; x_wconf 83' lang='grc' dir='ltr'><strong><em>μήτιδος</em></strong></span> <span class='ocrx_word' id='word_1_291' title='bbox 1667 3831 1817 3898; x_wconf 80' lang='grc' dir='ltr'><strong><em>κατά</em></strong></span> <span class='ocrx_word' id='word_1_292' title='bbox 1839 3838 2195 3920; x_wconf 88' lang='grc' dir='ltr'><strong><em>περίφρασιν</em></strong></span> <span class='ocrx_word' id='word_1_293' title='bbox 2219 3841 2324 3901; x_wconf 90' lang='grc' dir='ltr'><strong><em>τοῦ</em></strong></span> <span class='ocrx_word' id='word_1_294' title='bbox 2357 3836 2610 3919; x_wconf 86' lang='grc' dir='ltr'><strong><em>Τηρέως.</em></strong></span> 
     </span>
     <span class='ocr_line' id='line_1_36' title="bbox 466 3939 2494 4021; baseline 0 -20"><span class='ocrx_word' id='word_1_295' title='bbox 466 3942 620 4002; x_wconf 83' lang='lat' dir='ltr'>Nam</span> <span class='ocrx_word' id='word_1_296' title='bbox 649 3942 734 4000; x_wconf 89' lang='lat' dir='ltr'>ita</span> <span class='ocrx_word' id='word_1_297' title='bbox 761 3939 958 3999; x_wconf 89' lang='lat' dir='ltr'>locum</span> <span class='ocrx_word' id='word_1_298' title='bbox 988 3940 1289 3999; x_wconf 82' lang='lat' dir='ltr'>difficilem</span> <span class='ocrx_word' id='word_1_299' title='bbox 1323 3941 1630 4017; x_wconf 89' lang='lat' dir='ltr'>aptissime</span> <span class='ocrx_word' id='word_1_300' title='bbox 1661 3942 1950 4018; x_wconf 83' lang='lat' dir='ltr'>explicari</span> <span class='ocrx_word' id='word_1_301' title='bbox 1984 3944 2392 4004; x_wconf 85' lang='lat' dir='ltr'>contenderim</span> <span class='ocrx_word' id='word_1_302' title='bbox 2420 3942 2494 4021; x_wconf 89' lang='lat'>¹).</span> 
     </span>
    </p>
   </div>
   <div class='ocr_carea' id='block_1_7' title="bbox 468 4077 875 4088">
    <p class='ocr_par' dir='ltr' id='par_1_12' title="bbox 468 4077 875 4088">
     <span class='ocr_line' id='line_1_37' title="bbox 468 4077 875 4088; baseline 0 671"><span class='ocrx_word' id='word_1_303' title='bbox 468 4077 875 4088; x_wconf 95' lang='lat' dir='ltr'> </span> 
     </span>
    </p>
   </div>
   <div class='ocr_carea' id='block_1_8' title="bbox 607 4159 2613 4229">
    <p class='ocr_par' dir='ltr' id='par_1_13' title="bbox 607 4159 2613 4229">
     <span class='ocr_line' id='line_1_38' title="bbox 607 4159 2613 4229; baseline 0.001 -18"><span class='ocrx_word' id='word_1_304' title='bbox 607 4159 656 4228; x_wconf 93' lang='lat'>1)</span> <span class='ocrx_word' id='word_1_305' title='bbox 691 4162 1016 4222; x_wconf 80' lang='lat' dir='ltr'>„Gontortum</span> <span class='ocrx_word' id='word_1_306' title='bbox 1051 4170 1099 4212; x_wconf 86' lang='lat' dir='ltr'>et</span> <span class='ocrx_word' id='word_1_307' title='bbox 1132 4177 1421 4225; x_wconf 84' lang='lat' dir='ltr'>perversum</span> <span class='ocrx_word' id='word_1_308' title='bbox 1455 4168 1532 4214; x_wconf 86' lang='lat' dir='ltr'>est</span> <span class='ocrx_word' id='word_1_309' title='bbox 1566 4164 1698 4228; x_wconf 87' lang='lat' dir='ltr'>quod</span> <span class='ocrx_word' id='word_1_310' title='bbox 1732 4165 1932 4229; x_wconf 80' lang='lat' dir='ltr'>quidam</span> <span class='ocrx_word' id='word_1_311' title='bbox 1967 4167 2244 4227; x_wconf 83' lang='lat' dir='ltr'>voluerunt,</span> <span class='ocrx_word' id='word_1_312' title='bbox 2286 4165 2613 4214; x_wconf 84' lang='lat' dir='ltr'>Philomelam</span> 
     </span>
    </p>
   </div>
   <div class='ocr_carea' id='block_1_9' title="bbox 2985 19 2999 4720">
    <p class='ocr_par' dir='ltr' id='par_1_14' title="bbox 2985 19 2999 4720">
     <span class='ocr_line' id='line_1_39' title="bbox 2985 19 2999 4720; baseline 0 0"><span class='ocrx_word' id='word_1_313' title='bbox 2985 19 2999 4720; x_wconf 95' lang='lat' dir='ltr'> </span> 
     </span>
    </p>
   </div>
  </div>
 </body>
</html>
