3017 4759
1299 256 1383 267 -
1472 182 1555 287 72
1643 260 1725 271 .-

602 375 636 437 ἕ
647 398 728 437 νο
749 397 933 448 ικος
1026 323 1127 438 Pr.
1161 376 1316 439 417:
1367 376 1656 456 Κολχίδος
1697 399 1759 438 τε
1804 381 1912 459 γᾶς
1958 377 2180 440 ἔνοικοι
2218 375 2229 461 Ι
2270 373 2588 459 παρθένοι,

434 482 764 544 Genetivus
810 485 903 541 est
933 481 1476 556 subintelligendus
1523 484 1729 561 Suppl.
1766 489 1918 545 520·
1964 481 2115 553 Δίας
2150 503 2240 543 τοι
2280 479 2451 562 γένος
2494 474 2594 541 εὖ·

431 578 644 662 χόμεθ’
697 575 847 643 εἶναι
890 579 898 666 Ι
938 585 1046 663 γᾶς
1091 577 1213 644 ἆπό
1260 579 1426 644 τᾶσδ’
1475 582 1717 645 ἔνοικοι.
1805 588 2009 648 Verba
2052 586 2213 647 enim
2258 583 2595 645 Hermanni

435 687 791 748 auctoritate
833 687 1001 747 nisus
1046 689 1197 747 duco
1245 690 1662 765 conjungenda
1707 711 1866 750 esse:
1913 681 2212 766 ευχόμεθα
2245 684 2415 768 γένος
2443 678 2597 746 εἶναι

437 782 556 861 ᾆπὸ
588 787 764 865 τῆσδε
795 787 925 858 δίας
968 789 1110 869 γῆς,
1158 785 1382 848 ἔνοικοι
1428 784 1631 866 αὐτῆς.
1720 791 2042 851 Rationem
2074 790 2273 851 minus
2316 791 2596 852 idoneam

436 891 647 951 attulit
689 891 1033 966 Schiitzius,
1088 891 1325 954 Pauwii
1369 887 1784 970 'conjecturam
1841 885 2089 954 ἔποικοι
2147 893 2465 973 accipiens·
2510 927 2598 937 -—
2626 937 2638 948 .

440 994 817 1055 substantive
860 994 1084 1054 dicitur
1128 995 1258 1055 sine
1289 996 1573 1071 genetivo
1617 998 1768 1058 haec
1810 1017 1967 1059 vox:
2011 997 2220 1075 Suppl.
2257 1000 2408 1055 591:
2452 985 2597 1072 μήτ’

441 1093 687 1157 ἐνοικων
731 1090 867 1173 μήτ’
921 1090 1236 1173 ἐπηλύδων
1278 1091 1428 1156 τινά.

614 1194 974 1276 μέτοικος
1018 1199 1119 1278 (de
1164 1203 1455 1277 μετοικεῖν
1502 1220 1551 1261 c.
1598 1221 1732 1276 gen.
1780 1200 1922 1263 vide
1965 1165 2171 1279 infra).
2212 1203 2412 1261 Pers.
2445 1201 2602 1261 317:

445 1302 704 1381 σκληρᾶς
761 1296 1025 1377 μέτοικοι
1079 1302 1189 1381 γῆς
1246 1302 1378 1381 (cf.
1408 1303 1858 1364 adnotationem
1917 1303 2114 1364 Schol.
2147 1303 2259 1382 M.)
2304 1305 2413 1365 ch.
2445 1308 2605 1364 965:

444 1400 708 1481 μέτοικοι
752 1398 988 1481 δόμων,
1037 1405 1197 1485 quod
1233 1405 1500 1483 explicat
1544 1405 1741 1465 Schol.
1774 1406 1891 1465 Μ.;
1938 1403 2002 1465 οἱ
2039 1407 2153 1464 νῦν
2195 1398 2335 1475 τοῦς
2381 1399 2607 1480 δόμους

446 1504 762 1576 οἰκοῦντες.
795 1541 879 1550 -
913 1506 1245 1570 Genetivus
1292 1507 1547 1567 omissus
1580 1512 1672 1567 est
1701 1508 1863 1586 Sept.
1902 1513 2043 1568 531.
2090 1509 2198 1568 ch.
2234 1513 2375 1568 665.
2423 1509 2600 1568 Ειιιιι.

446 1616 588 1669 989.
635 1610 843 1688 Suppl.
879 1613 1020 1669 961.
1056 1642 1139 1653 -·
1171 1612 1285 1685 Ag.
1321 1614 1427 1669 58:
1471 1607 1658 1668 ταῖνδε
1689 1608 1982 1686 μετοίκων
2010 1615 2175 1672 recte
2206 1612 2370 1689 expl.
2402 1610 2605 1670 Schol.

447 1713 566 1772 M.:
610 1702 761 1791 ὖπὲρ
807 1713 926 1770 τῶν
968 1707 1468 1786 μετοικισθέντων
1515 1705 1735 1787 δόμων.

621 1810 894 1894 (ἔποικος
937 1814 1224 1892 adjectivi
1269 1835 1478 1874 sensus
1525 1818 1617 1874 est
1659 1814 1937 1893 passivus
1967 1817 2068 1875 Pr.
2098 1820 2251 1875 413:
2298 1806 2515 1875 ὁπόσοι
2560 1806 2609 1873 τ’

452 1911 699 1975 ἔποικον
759 1907 943 1996 οἳγνᾶς
985 1912 1009 2000 ΙΙ
1043 1910 1251 1986 Ἀσίας
1312 1913 1446 1995 ἕδος
1505 1913 1798 1994 νέμονται.
1890 1920 2044 1980 conf.
2108 1939 2261 2000 quae
2322 1921 2613 1980 adnotant

454 2019 822 2080 Schmidtius
868 2025 932 2081 et
973 2021 1386 2083 Weckleinius
1433 2043 1485 2081 a.
1517 2023 1579 2082 h.
1609 2023 1680 2101 1.)
2594 2006 2605 2017 ¹

625 2120 973 2201 ἔννομος.
1063 2125 1271 2203 Suppl.
1306 2124 1425 2183 547
1448 2147 1462 2184 :
1524 2123 1584 2183 οἳ
1629 2125 1738 2204 γᾶς
1780 2117 1909 2184 τότ’
1960 2109 2114 2200 ἦσαν
2159 2120 2416 2201 ἔννομοι.
2505 2125 2616 2186 Oe-

453 2227 634 2302 teris,
677 2226 786 2288 ubi
817 2227 1106 2302 occurrit,
1150 2227 1317 2301 locis,
1365 2232 1471 2287 aut
1510 2248 1690 2288 sensu
1719 2227 1960 2306 passivo
2007 2229 2102 2302 „le
2116 2227 2464 2303 gitimus“
2510 2232 2619 2288 aut

457 2331 723 2394 activo
769 2332 972 2408 „leges
1019 2334 1303 2395 servans“
1349 2331 1651 2406 significat
1696 2333 1967 2392 absolute
2011 2331 2293 2409 positum.

628 2537 714 2596 Ut
754 2537 938 2596 finem
979 2535 1268 2595 faciamus
1285 2582 1300 2610 ,
1346 2555 1532 2615 quum
1573 2537 1724 2595 haec
1767 2541 1892 2595 tam
1936 2538 2136 2615 ampla
2177 2536 2431 2596 materia
2474 2556 2614 2613 sup·-

460 2640 722 2718 peditet,
768 2638 1110 2715 adjectivis,
1159 2658 1310 2717 quae
1355 2638 1560 2698 verbis
1604 2638 1947 2700 transitivis
1990 2640 2390 2717 respondent,
2436 2659 2616 2715 gene-

459 2741 578 2804 tivi
622 2740 922 2820 (genuini)
969 2741 1326 2800 adnectendi
1369 2741 1670 2800 rationem
1711 2743 1891 2817 longe
1933 2743 2177 2822 lateque
2221 2741 2480 2802 diffundi
2522 2741 2616 2804 vi-

461 2846 674 2906 demur
732 2842 906 2904 nobis
975 2843 1248 2905 evicisse.
1349 2845 1568 2904 Restat
1623 2849 1827 2905 tamen
1845 2891 1861 2919 ,
1926 2849 1998 2904 ut
2057 2847 2259 2906 locum
2320 2846 2617 2925 quendam

464 2946 758 3009 curiosius
787 2951 1114 3007 tractemus
1158 2946 1247 3008 ita
1288 2952 1361 3007 ut
1404 2947 1585 3008 simul
1627 2949 1705 3009 ad
1746 2947 1926 3008 aliam
1954 2948 2281 3027 Aeschylei
2328 2948 2617 3009 sermonis

461 3051 898 3131 proprietatem
928 3053 1399 3130 cognoscendam
1428 3051 1807 3133 aliquantum
1836 3051 2122 3112 utilitatis
2167 3072 2247 3113 ex
2287 3053 2404 3112 hac
2438 3071 2619 3132 quae·-

465 3155 660 3216 stione
702 3156 1016 3216 redundet.
1061 3190 1148 3200 —-

635 3261 751 3335 Ag.
787 3263 938 3318 294:
990 3258 1349 3338 Σαρωνικοῦ
1386 3254 1398 3340 Ι
1436 3258 1725 3338 πορθμοῦ
1768 3248 2067 3317 κοὶτοπτον
2109 3255 2339 3337 πρῶνα.
2425 3254 2623 3315 Medi-

468 3361 560 3423 cei
592 3362 813 3423 codicis
845 3361 1206 3440 scripturam
1234 3361 1522 3423 vitiosam
1553 3353 1849 3441 κᾶτοπτρ
1868 3381 1949 3421 ον
1987 3363 2144 3421 bene
2176 3359 2441 3421 correxit
2467 3359 2622 3420 Gan-

467 3471 633 3526 terus
679 3465 1047 3526 Scholiastae
1091 3466 1176 3525 M.
1223 3470 1400 3524 nota:
1462 3456 1529 3523 τδ
1576 3458 1876 3539 κατόψιον
1917 3464 2234 3544 impulsus.
2321 3463 2623 3523 Bernhar-

469 3571 655 3648 dyum
699 3569 884 3648 (synt.
930 3590 988 3646 p.
1023 3567 1159 3647 50),
1221 3567 1445 3648 quippe
1491 3566 1597 3646 qui
1641 3559 2027 3647 κάτοπτρον
2070 3567 2233 3627 istud
2276 3567 2623 3644 comproba-

469 3672 650 3747 verit,
696 3670 918 3731 acriter
945 3670 1341 3748 reprehendit
1368 3670 1771 3731 Hermannus.
1859 3668 2374 3749 Reprehendisset
2400 3669 2624 3732 vellem

472 3776 722 3836 eandem
784 3777 860 3835 ob
919 3794 1155 3835 causam
1198 3774 1588 3833 Klausenum.
1648 3806 1733 3817 —-
1790 3775 1992 3835 Verba
2013 3776 2020 3780 ’
2045 3772 2208 3851 ipsa,
2273 3773 2348 3833 de
2406 3772 2625 3853 quibus

473 3868 836 3960 quaerimus,
879 3878 1318 3957 interpretatur
1345 3878 1858 3937 Hermannus:
1902 3875 2087 3951 „litus
2130 3881 2349 3936 trans
2395 3876 2626 3935 Saro-

473 3981 716 4041 nicum
774 3983 972 4042 sinum
1031 3981 1477 4061 conspicuum.“
1561 3982 1851 4043 Involuta
1892 3999 2111 4043 vereor
2165 3999 2244 4038 ne
2304 3978 2385 4038 sit
2444 3982 2626 4058 atque

473 4083 768 4161 impedita
809 4086 959 4146 haec
1003 4085 1272 4160 genetivi
1303 4085 1448 4164 Σαρ.
1483 4104 1545 4145 π.
1597 4082 1941 4163 explicandi
1982 4081 2158 4145 ratic.
2244 4081 2385 4144 Non
2425 4079 2626 4142 minus

2787 4586 2934 4653 -Ξιῑὶ-ι.
