3017 4759
1283 291 1710 357 ,23-

423 440 549 505 ἆπό
592 467 693 520 μοι
736 441 912 525 λόγον
962 449 1171 507 τοῦτον
1210 439 1401 522 στόμα
1446 444 1654 523 ῥῖψον.
1721 451 1902 527 Pyth.
1935 449 2043 522 VI,
2080 449 2190 509 37:
2237 444 2589 525 χαμαιπετὲς

423 541 476 606 δ’
513 541 605 627 ἄρ’
650 545 795 618 ἔπος
839 543 955 607 οὐκ
1001 543 1351 627 ἀπέρριψεν.
1419 550 1568 609 Her.
1599 551 1705 624 IV,
1750 556 1892 610 142:
1939 552 2122 609 ταῦτα
2166 546 2272 626 μὲν
2317 544 2393 628 δὴ
2426 544 2588 609 Σκύ-

422 655 568 734 θῃσι
604 642 900 720 έςἼωνας
945 645 1426 730 ἀπέρριπται.
1497 653 1672 726 VIII,
1706 659 1815 712 92:
1857 644 1925 710 ‘O
1961 645 2334 729 Πολύκριτος
2364 647 2587 732 ἀπέρ-

421 765 605 831 ριψε
651 749 722 822 ἐς
772 749 1309 828 Θεμιστοκλέα.

593 858 871 916 Formam
902 851 1052 930 ἐμοῦ
1076 858 1202 931 jam
1232 860 1324 914 est
1353 856 1738 916 manifestum
1771 857 1935 916 nullo
1967 856 2099 916 loco
2135 858 2292 935 apud
2315 858 2586 936 Aeschy-

418 959 544 1017 lum
587 959 809 1017 habere
854 957 977 1019 vim
1024 956 1440 1035 possessivum.
2381 1028 2386 1032 ,

592 1062 809 1119 Forma
839 1059 1118 1119 enclitica
1150 1060 1288 1134 μοῦ,
1334 1080 1487 1140 quae
1521 1062 1763 1120 omnino
1797 1062 2021 1121 semel
2063 1065 2132 1120 et
2175 1062 2407 1124 vicies
2437 1061 2584 1135 legi-

420 1169 533 1236 tur,
575 1162 859 1246 tredecim
891 1163 1042 1221 locis
1075 1182 1347 1222 connexa
1379 1168 1469 1221 est
1502 1183 1637 1222 cum
1668 1163 1871 1224 verbis
1905 1163 2209 1240 (audiendi
2243 1165 2406 1223 Pers.
2441 1168 2582 1235 631,

420 1266 561 1324 637.
610 1266 717 1324 011.
755 1271 894 1323 133.
939 1264 1146 1342 Suppl.
1182 1271 1323 1338 234,
1358 1271 1501 1338 950,
1550 1266 1653 1325 ubi
1699 1266 1907 1325 Herm.
1955 1286 2079 1339 μοι,
2128 1266 2227 1324 Pr.
2260 1265 2402 1337 474,
2436 1271 2579 1338 616,

424 1373 564 1426 822.
609 1368 724 1441 frg.
770 1373 873 1425 92.
916 1399 1000 1410 —-
1049 1367 1294 1425 curandi
1340 1369 1438 1427 Pr.
1475 1373 1597 1426 628
1645 1368 1895 1427 cedendi
1940 1369 2052 1442 frg.
2106 1371 2199 1426 15.
2246 1368 2581 1443 temptandi

419 1474 531 1543 Ag.
584 1474 766 1529 1355.
810 1490 919 1546 per
962 1469 1180 1528 tmesin
1232 1468 1313 1546 [v.
1358 1470 1565 1544 infraJ.
1648 1473 1748 1530 Pr.
1803 1475 1956 1529 134:
2004 1467 2071 1528 ἐκ
2117 1461 2164 1526 δ’
2210 1466 2420 1545 ἔπληξέ
2464 1490 2580 1544 μου

416 1563 524 1630 τοὶν
552 1571 897 1649 θεμερῶπιν
928 1567 1106 1648 αἰδῶ)
1140 1572 1322 1630 semel
1354 1592 1488 1631 cum
1519 1572 1966 1651 praepositione
1996 1574 2166 1631 Eum.
2202 1576 2338 1631 101.
2400 1574 2581 1632 Prae-

416 1681 582 1735 terea
623 1674 961 1746 absolutus,
1025 1675 1126 1754 qui
1172 1682 1451 1748 vocatur,
1514 1676 1829 1749 genetivus
1875 1680 1968 1734 est
2015 1675 2369 1734 statuendus
2409 1675 2576 1752 Sept.

419 1778 571 1836 897:
635 1773 699 1834 ἐκ
745 1769 998 1854 φρενός,
1061 1769 1101 1833 ἃ
1144 1773 1475 1853 κλαιομένας
1536 1798 1655 1853 μου
1716 1770 1976 1853 μινύθει.
2066 1798 2183 1851 „ex
2228 1778 2427 1836 animo
2476 1778 2577 1858 qui

417 1878 739 1936 intabescit
796 1898 889 1937 me
949 1878 1356 1939 lacrimante“.
1416 1915 1500 1924 —-
1568 1883 1738 1940 Inter
1802 1901 1865 1939 se
1931 1880 2240 1958 compositi
2302 1880 2580 1962 dicantur

417 2000 597 2057 porro
643 1979 760 2038 loci
794 1980 891 2039 hi:
933 1979 1139 2057 Suppl.
1175 1981 1327 2041 750:
1374 1976 1765 2061 κελαινόχρως
1795 1977 1860 2041 δὲ
1889 1978 2165 2041 πάλλεταί
2191 2003 2312 2057 μου
2344 1980 2576 2060 καρδία.

416 2084 582 2141 Pers.
626 2086 776 2141 114:
824 2076 1011 2139 ταῦτά
1055 2101 1174 2156 μου
1219 2083 1571 2160 μελαγχίτων
1617 2077 1780 2162 φρὴν
1826 2078 2150 2159 ἀμύσσεται
2195 2078 2389 2164 φόβῳ.
2469 2086 2576 2143 011.

417 2190 569 2244 401:
617 2176 915 2262 σπλάγχνα
961 2181 1026 2241 δέ
1071 2205 1173 2258 μοι
1218 2188 1590 2245 κελαινοῦται
1636 2180 1791 2264 πρὸς
1833 2183 1977 2256 ἔπος
2018 2179 2302 2268 κλυούσᾳ.
2374 2186 2574 2247 Primo

413 2281 545 2347 loco
614 2307 733 2362 μου
802 2287 969 2345 nullo
1034 2293 1212 2364 pacto
1274 2309 1449 2366 posse
1517 2289 1664 2348 ferri
1730 2287 2167 2348 intellexerunt
2227 2289 2576 2349 Dindorfius

414 2394 474 2447 et
502 2390 887 2447 Hermannus
934 2390 1096 2466 (vide
1129 2392 1258 2466 ejus
1295 2391 1486 2469 adn.);
1533 2397 1765 2468 pugnat
1809 2390 1970 2449 enim
2015 2410 2147 2450 cum
2191 2397 2400 2450 metro.
2468 2392 2570 2449 Al-

410 2497 539 2550 tero
585 2491 718 2550 loco
764 2491 923 2550 idem
968 2492 1127 2551 docti
1171 2491 1291 2553 viri
1349 2513 1471 2552 non
1529 2494 1720 2573 solum
1767 2494 1870 2552 sed
1916 2473 2097 2553 etiem
2141 2494 2467 2554 Schillerus
2513 2500 2573 2553 et

410 2593 735 2654 Teuffelius
767 2593 1030 2671 (Blomf.)
1078 2594 1449 2671 scripserunt
1479 2616 1599 2671 μοι.
1667 2596 1869 2655 Tertio
1902 2596 2163 2676 denique
2209 2597 2448 2672 egregie
2478 2617 2570 2656 re-

412 2696 610 2756 stituit
640 2717 738 2772 μοι
773 2697 1147 2756 Schuetzius.
1194 2697 1506 2774 (Dativum
1537 2699 1601 2757 in
1633 2699 1748 2757 hac
1778 2698 2013 2758 dicendi
2045 2699 2238 2774 figura
2268 2699 2569 2777 Aeschylo

410 2799 651 2875 probari
711 2800 884 2858 docet
942 2798 1124 2858 etiam
1182 2800 1288 2860 011.
1337 2805 1491 2860 398:
1552 2797 1840 2860 πέπαλται
1900 2793 1952 2859 δ’
2013 2788 2155 2860 αὖτέ
2208 2822 2342 2877 μοι
2396 2799 2569 2874 φίλον

411 2895 571 2978 κέαρ.
619 2894 787 2959 τόνδε
829 2893 1130 2959 κλύουσαν
1175 2892 1415 2980 οἶκτον).
1447 2936 1530 2945 -
1576 2905 1742 2964 Pers.
1777 2909 1932 2965 894:
1978 2899 2209 2961 λέλυται
2252 2897 2364 2982 γάρ
2411 2901 2569 2978 ἐμῶν

412 3000 595 3081 γυίων
655 2995 826 3080 ῥώμη
886 2995 993 3078 τήν
1049 2994 1103 3060 δ’
1146 2995 1379 3078 ἡλικίαν
1439 2997 1689 3064 ἐσιδόντ’
1735 2999 1935 3064 ἀστῶν
1993 3005 2350 3065 Schuetzius
2411 3001 2566 3081 ἐμοὶ,

411 3106 568 3185 quod
610 3105 675 3163 in
723 3100 938 3164 Guelfi'
963 3106 1133 3186 quasi
1177 3106 1376 3181 glossa
1421 3127 1604 3183 supra
1649 3107 1941 3185 scriptum
1987 3112 2107 3179 est,
2163 3107 2414 3167 refinxit
2454 3127 2565 3184 pro

408 3203 581 3283 ἐμῶν.
619 3243 703 3253 -——
748 3209 959 3288 Neque
1002 3208 1200 3268 minus
1245 3212 1360 3283 Ag.
1393 3214 1551 3268 439:
1598 3205 1756 3284 μένει
1803 3200 1854 3266 δ’
1897 3203 2157 3267 ἀκοῦσαί
2201 3207 2256 3266 τί
2301 3229 2419 3285 μου
2464 3204 2564 3284 μέ-

407 3330 587 3387 ριμνα
610 3306 977 3389 νυκτηρεφές
1001 3312 1180 3388 plane
1204 3311 1819 3393 adstipulorEnger0‚
1853 3311 1954 3392 qui
1988 3311 2227 3389 scripsit
2249 3329 2372 3385 μοι,
2406 3312 2565 3390 quod

408 3413 480 3471 ad
526 3433 765 3472 sensum
812 3413 1352 3473 commodissimum
1382 3423 1507 3492 ⁸est.
1579 3416 1830 3475 Accedit
1874 3416 2032 3496 quod
2076 3416 2194 3474 hoc
2234 3415 2300 3472 in
2345 3434 2565 3488 genere

407 3514 608 3577 dativo
668 3516 862 3576 utitur
906 3518 1242 3596 Aeschylus
1300 3518 1470 3579 velut
1528 3519 1701 3577 Eum.
1752 3520 1908 3578 876:
1969 3517 2056 3588 τίς
2116 3513 2182 3576 δέ
2242 3538 2366 3593 μοι
2425 3510 2564 3593 τιμή

404 3614 595 3693 μένεις
655 3618 863 3696 Suppl.
914 3624 1069 3678 418:
1130 3612 1543 3679 παισὶ.τάδε
1597 3617 1724 3678 καὶ
1780 3614 2050 3696 δόμοις
2094 3654 2178 3664 -
2222 3617 2382 3696 μένει
2427 3617 2564 3696 δορὶ

404 3718 647 3779 τίνειν
692 3712 1004 3796 ὄμοιίαν
1048 3717 1292 3796 θέμιν.
1359 3721 1566 3799 Suppl.
1595 3728 1745 3783 385:
1790 3719 1947 3798 μένει
1979 3744 2069 3783 τοι
2106 3716 2302 3797 Ζηνός
2332 3719 2563 3781 ἱκταίου

404 3815 577 3892 κότος
614 3819 624 3904 Ι
666 3819 1222 3901 δυσπαραθέλκτοις
1261 3819 1575 3894 παθόντος
1606 3822 1830 3893 οἴκτοις
1875 3827 1976 3903 (cf.
2006 3825 2204 3886 Schol.
2238 3825 2347 3899 M.)
2392 3843 2563 3901 prae·

404 3925 573 4002 cipue
618 3926 781 4001 Sept.
815 3927 968 3986 878:
1014 3929 1179 4002 μενεῖ
1211 3924 1223 4008 Ι
1263 3922 1480 3986 κτέανᾶ
1525 3922 1572 3985 τ’
1618 3921 1921 4006 ἐπιγόνοις
1964 3950 2021 3990 v.
2068 3927 2265 3986 Schol.
2301 3929 2385 3988 M.
2453 3928 2560 3987 Oe-

402 4028 683 4109 teroquiu
727 4028 910 4089 velim
969 4031 1316 4091 conferatur
1359 4033 1524 4090 Pers.
1579 4035 1728 4090 165:
1787 4023 1973 4089 ταῦτά
2032 4049 2160 4104 μοι
2219 4029 2398 4105 διπλῆ
2442 4026 2562 4106 μέ-

403 4123 590 4209 ριμν’
633 4123 943 4211 ἄφραστός
985 4129 1143 4193 ἐστιν
1188 4129 1250 4192 ἔν
1293 4132 1485 4211 φρεσί,
1533 4125 1679 4209 μήτε
1724 4164 1809 4176 -
1854 4128 2122 4209 σέβειν.
2202 4135 2373 4194 Eum.
2406 4137 2560 4192 493:
