3017 4759
1326 307 1754 373 ...25-

455 456 527 521 τοὶ
584 464 836 543 Περσᾶν.
882 498 966 507 -
1009 468 1121 539 Ag.
1157 472 1268 523 32:
1313 456 1386 522 τοὶ
1431 462 1739 523 δεσποτῶν
1783 500 1867 509 -—-
1913 452 1979 523 εὖ
2025 457 2280 523 πεσόντα
2327 459 2617 541 θήσομαι.

456 568 618 645 Sept.
667 573 776 625 68:
829 558 1003 635 εἰδώς
1047 561 1120 625 ta*
1167 569 1289 625 τῶν
1333 560 1613 644 θύραθεν
1659 561 1929 642 ἀβλαβής
1973 564 2095 650 ἔσῃ.
2189 568 2339 627 176:
2385 559 2457 626 τοὶ
2489 570 2623 626 τῶν

458 662 736 747 θύραθεν
782 660 833 725 δ’
880 660 962 737 ὥς
1020 659 1208 747 ἄριστ’
1254 662 1576 742 ὀφέλλεται.
1666 667 1875 746 Suppl.v
1924 675 2080 729 580:
2142 656 2207 726 εὖ
2252 662 2323 728 τοὶ
2370 672 2489 728 τῶν
2529 667 2619 748 ἔγ·

456 770 705 849 χωρίων.
796 773 957 848 Sept.
1005 776 1159 832 358:
1220 767 1377 849 λέγοι
1440 764 1497 844 μ’
1544 762 1619 828 ἂν
1674 764 1847 840 εἰδώς
1901 758 1967 829 εὖ
2013 764 2083 829 τοὶ
2142 773 2260 830 τῶν
2321 768 2619 831 ἐναντίων.

459 875 564 933 oh.
614 874 769 932 387:
829 872 1167 951 ταχθονίων
1228 892 1288 931 τε
1343 895 1537 949 τιμαι,
1604 874 1825 951 scripto
1873 869 1937 931 έν
1982 894 2161 952 super
2206 896 2245 949 μ
2289 875 2331 933 i.
2378 896 2429 935 e.
2478 894 2619 933 τετι-

458 973 626 1051 μὲναι
673 977 753 1034 Μ.
800 1011 883 1019 -
931 977 1287 1036 Schuetzius
1332 979 1490 1037 hanc
1536 977 1894 1053 scripturam
1942 979 2209 1039 servavit
2251 984 2493 1040 vertens
2537 1011 2618 1021 --

459 1100 651 1159 „quae
705 1082 884 1157 jura
928 1086 1298 1139 mortuorum
1359 1080 1849 1159 persequimini“.
1941 1081 2324 1147 Hermannus
2380 1081 2620 1157 scripsit

460 1183 601 1241 olim
662 1176 898 1258 τιτῃνά,
959 1187 1170 1259 postea
1227 1176 1505 1261 πρότιμα.
1595 1183 1845 1242 Blomf.:
1908 1184 2079 1241 κλῦτε
2137 1175 2298 1255 τάδε,
2360 1180 2621 1258 χθονίων

460 1277 756 1363 τύραννοι.
847 1287 1077 1345 Locum
1122 1305 1407 1366 umquam
1451 1306 1629 1364 posse
1676 1286 1874 1345 sanari
1918 1286 2024 1347 vix
2070 1307 2204 1364 spes
2247 1294 2355 1348 est.

630 1391 772 1465 Ipsa
801 1393 1000 1449 autem
1030 1408 1305 1465 persona,
1337 1408 1490 1468 quae
1522 1389 1804 1463 genetivo
1836 1388 2157 1462 indicatur,
2207 1394 2337 1448 tota.
2369 1389 2618 1448 circum·

458 1492 763 1551 locutione
797 1526 875 1537 --
907 1492 979 1554 id.
1016 1491 1176 1571 quod
1221 1512 1297 1551 ne
1344 1512 1380 1550 a
1423 1491 1794 1571 reliquorum
1842 1492 2082 1571 quidem
2114 1492 2473 1569 scriptorum
2509 1512 2620 1550 usu

462 1600 556 1653 est
621 1594 880 1654 alienum
942 1628 1026 1638 —-
1091 1595 1411 1654 denotatur
1476 1595 1574 1653 his
1639 1595 1819 1654 loeis:
1886 1594 2047 1672 Sept.
2102 1600 2292 1654 1031:
2360 1587 2477 1670 ἤδη
2547 1587 2618 1653 τοὶ

461 1688 625 1753 τοῦδ’
669 1690 744 1755 οὐ
793 1695 1192 1772 διατετίμηται
1226 1699 1392 1766 θεοῖς
1423 1730 1505 1740 -
1539 1696 1859 1774 Polynices
1904 1696 2070 1774 ipse
2114 1697 2271 1776 apud
2317 1698 2459 1755 deos
2504 1697 2622 1756 fuit

457 1799 524 1857 in
569 1799 815 1860 honore.
865 1834 949 1844 -
993 1801 1199 1878 Suppl.
1251 1806 1446 1860 1028:
1505 1792 1577 1857 τά
1621 1800 1788 1858 θεῶν
1832 1794 2015 1875 μηδὲν
2059 1794 2311 1877 ἀγάζειν.
2358 1834 2441 1842 -—
2495 1802 2619 1858 Ita-

464 1922 579 1982 que
645 1904 811 1962 Pers.
860 1908 1015 1963 602:
1086 1899 1149 1961 ἐν
1215 1894 1512 1978 ὄμμασιν.
1541 1895 1787 1959 τάνταῖα
1856 1900 2127 1976 φαίνεται
2195 1903 2391 1972 θεῶν,
2463 1904 2621 1981 quod

461 2005 713 2063 debetur
754 2005 1128 2065 Blomfieldio
1186 1997 1257 2063 τοὶ
1315 2006 1480 2063 θεῶν
1541 2026 1662 2063 non
1724 2005 1871 2064 adeo
1937 2006 2434 2064 contemnendum
2494 2026 2620 2064 esse

462 2107 740 2167 existimo
788 2112 856 2167 ut
916 2109 1064 2167 facit
1107 2109 1513 2167 Hermannus.
1600 2101 1672 2165 τοὶ
1717 2109 1883 2168 θεῶν
1928 2108 1977 2166 si
2024 2109 2347 2181 scribatur,
2411 2108 2636 2166 melius

465 2217 627 2270 certe
675 2213 866 2271 oratio
910 2212 1201 2289 procedat
1246 2212 1666 2291 sententiaque
1712 2213 1928 2273 evadat
1972 2211 2289 2269 dilucidior
2330 2210 2453 2282 „dii
2506 2211 2624 2285 ipsi

462 2315 696 2374 adversi
743 2320 942 2375 sunt.“
1029 2316 1104 2375 cf.
1150 2314 1348 2373 Schol.
1396 2317 1478 2376 M.
1526 2335 1577 2375 a.
1624 2317 1683 2374 h.
1731 2316 1801 2374 L:
1849 2308 2091 2373 ἆνταῖαι
2139 2310 2375 2372 ἐναντία
2419 2312 2621 2387 φαίνε-

462 2437 555 2474 ται
600 2411 681 2475 τοὶ
726 2419 956 2477 θεῶν·
1003 2408 1165 2476 οἷον.·
1210 2410 1659 2492 ἀντικειμένους
1702 2411 1841 2493 ἡμῖν
1886 2408 2041 2495 ὅρῶ
2083 2410 2262 2485 τούς
2307 2407 2563 2483 θεούς.

634 2623 942 2681 Postremo
988 2643 1111 2700 non
1156 2622 1660 2698 praetereundum
1704 2627 1850 2697 puto
1895 2619 2253 2696 pronomina
2285 2620 2622 2696 possessiva

464 2745 700 2804 quoque
760 2726 961 2784 addito
1022 2726 1274 2787 articulo
1336 2726 1439 2784 sed
1499 2725 1717 2784 omisso
1780 2724 2155 2783 substantivo
2201 2743 2310 2800 per
2367 2744 2430 2782 se
2475 2723 2619 2799 poni

463 2828 611 2886 locis
656 2828 880 2888 tribus:
925 2830 1097 2888 Eum.
1136 2834 1287 2889 106:
1335 2822 1519 2887 πολλοὶ
1564 2829 1706 2885 τῶν
1752 2825 1945 2902 ἐμῶν
1991 2822 2248 2895 ἐλείξατε.
2316 2828 2430 2899 frg.
2474 2830 2615 2882 133:

464 2923 623 3005 τᾶμοὶ
668 2923 780 3009 γάρ
826 2929 1117 3006 διοίχεται.
1188 2934 1297 3005 Ag.
1337 2936 1485 2990 528:
1534 2923 1600 2988 τὸ
1647 2922 1754 2988 σόν
1797 2929 1998 3009 „quod
2043 2934 2109 2986 tu
2153 2928 2326 2987 modo
2374 2928 2620 2988 dixisti“

465 3035 564 3113 (cf.
610 3034 826 3094 Blomf.
871 3033 1048 3108 gloss,
1097 3035 1172 3093 ad
1218 3037 1331 3109 Ag.
1379 3034 1548 3110 533).

1475 3219 1615 3298 gs.

634 3345 866 3401 Nomen
913 3342 1219 3418 proprium
1266 3339 1548 3413 genetivo
1585 3312 1747 3397 Alius
1792 3336 2053 3396 nominis
2098 3336 2332 3414 proprii
2386 3338 2474 3396 ita
2519 3337 2620 3394 ad-

464 3445 642 3517 ditur,
689 3451 755 3503 ut
786 3437 920 3512 υἱός
950 3445 1047 3503 vel
1077 3435 1353 3520 θυγατήρ
1385 3441 1485 3502 vel
1523 3442 1642 3499 alia
1672 3462 1794 3502 vox
1823 3442 2004 3516 hujus
2035 3441 2272 3514 generis
2303 3440 2621 3499 debeamus

466 3546 947 3621 subintellegere.
1022 3547 1155 3605 Uno
1202 3551 1404 3603 tamen
1449 3550 1686 3604 tantum
1729 3545 1860 3604 loco
1905 3544 2067 3602 illius
2112 3543 2365 3602 rationis
2396 3542 2621 3619 reperi-

464 3657 565 3710 tur
622 3649 961 3727 exemplum
1023 3648 1227 3726 Suppl.
1279 3653 1435 3708 346:
1501 3643 1683 3721 Θέμις
1744 3640 1890 3715 Διὸς
1949 3644 2212 3722 κλαρίου.
2301 3646 2622 3703 Praeterea
2999 3599 3007 3715 λ

463 3774 570 3830 pro
631 3753 911 3827 genetivo
970 3752 1384 3831 patronymico
1446 3751 1808 3828 adjectivum
1864 3770 1899 3808 a
1943 3749 2184 3809 nomine
2229 3747 2473 3825 proprio
2520 3747 2618 3804 de·
3000 3793 3007 3828 1

464 3857 707 3916 ductum
751 3856 935 3915 semel
975 3855 1199 3929 legitur
1242 3856 1410 3915 Pers,
1459 3857 1569 3915 71:
1615 3846 2208 3928 Ἀθαμαντὶς“”Ελλα.
2945 3835 2968 3910 e'
3004 3861 3007 3930 A

1476 4041 1614 4121 ς..
2937 3913 3007 4092 Ὦ

636 4163 843 4227 Hisce,
879 4183 988 4236 ego
1048 4165 1227 4235 rebus
1286 4161 1562 4240 exempla.
1619 4178 1809 4239 pauca
1852 4160 2174 4234 adjungam
2218 4155 2446 4232 ellipsis
2491 4145 2620 4232 ejus
