3017 4759
1336 298 1720 363 ...2..-

453 453 695 528 longam
738 453 1123 531 praemittere
1172 453 1733 513 commentationem
1778 456 1853 512 ab
1909 455 2087 514 huius
2148 455 2378 533 opellae
2436 456 2610 515 insti-

453 561 586 615 tuto
617 561 678 615 et
720 533 955 615 ratione
986 567 1275 635 perquam
1306 556 1578 637 alienum·
1601 557 1925 615 arbitratus
1957 577 2101 617 sum.
2171 559 2421 618 Librum
2451 560 2609 618 enim

455 659 676 718 scribet
734 659 835 739 qui
897 659 1207 733 collegerit
1266 664 1327 718 et
1385 659 1822 719 examinaverit
1885 660 2197 737 opiniones
2261 660 2368 719 illa
2425 662 2498 720 de
2541 682 2608 720 re

453 762 768 821 dissimiles
813 766 993 842 atque
1038 763 1322 824 diversas.
1411 764 1635 821 Facere
1695 767 1894 821 tamen
1940 784 2060 821 non
2106 783 2379 840 possum,
2443 765 2605 843 quin,

453 883 771 944 quamnam
816 870 1051 925 secutus
1098 865 1210 923 sim
1256 866 1572 938 rationem,
1617 866 1886 927 breviter
1930 885 2350 926 commoneam.

618 969 835 1048 Itaque
879 987 1074 1048 neque
1121 987 1222 1027 eos
1265 969 1444 1045 plane
1475 967 1699 1028 vidisse
1730 988 1954 1042 verum,
2004 969 2105 1047 qui
2153 988 2321 1028 casus
2364 970 2607 1043 linguae

451 1090 700 1144 graecae
746 1071 1012 1144 singulos
1063 1072 1137 1129 ad
1195 1072 1314 1130 loci
1374 1072 1673 1130 referrent
1730 1071 2051 1131 relationes
2098 1092 2292 1152 neque
2349 1093 2449 1131 eos
2505 1073 2606 1159 qui

449 1174 896 1247 grammaticam
960 1180 1355 1253 sequerentur
1398 1175 1760 1248 doctrinam,
1816 1174 1999 1233 immo
2059 1195 2303 1252 prorsus
2348 1175 2605 1233 medium

451 1277 744 1356 quendam
787 1278 1112 1335 tenendum
1158 1297 1287 1336 esse
1330 1297 1587 1350 cursum,
1633 1278 1720 1337 ita
1765 1287 1834 1337 ut
1877 1278 1981 1337 alii
2029 1298 2198 1338 casus
2243 1277 2365 1337 sint
2410 1298 2604 1352 gram-

448 1380 652 1440 matici
696 1380 977 1453 habendi,
1023 1380 1274 1440 aliorum
1305 1380 1671 1458 principium
1703 1382 1912 1441 deduci
1959 1383 2151 1460 possit
2187 1383 2259 1440 ad
2302 1381 2421 1441 loci
2451 1381 2604 1440 rela-

449 1482 679 1555 tiones,
743 1484 1024 1562 quoniam
1068 1483 1690 1556 indogermanicarum
1746 1483 2090 1557 linguarum
2134 1483 2403 1544 adhibita
2446 1475 2602 1543 com-

448 1585 761 1662 paratione
806 1592 1037 1644 certum
1081 1586 1209 1644 fere
1252 1586 1541 1644 habemus
1588 1585 2109 1664 exploratumque,
2164 1585 2460 1663 applicavi
2506 1606 2601 1644 me

447 1689 521 1746 ad
568 1708 728 1761 eum,
789 1688 891 1768 qui
935 1708 1063 1748 rem
1107 1689 1181 1747 ad
1226 1687 1520 1768 liquidum
1564 1707 1755 1765 paene
1800 1688 2132 1764 perducens
2178 1687 2601 1747 dilucidissime

447 1790 701 1850 disserat
743 1790 816 1849 de
859 1790 1184 1869 principali
1230 1790 1670 1864 significatione
1717 1809 1975 1863 casuum,
2038 1791 2182 1850 dico·
2219 1792 2328 1852 Fr.
2374 1791 2602 1850 Holz-

446 1893 956 1967 weissigium,
1018 1894 1186 1969 cujus
1229 1892 1386 1952 liber
1429 1894 1624 1952 bonae
1670 1911 1813 1952 sane
1855 1893 2046 1967 frugis
2089 1893 2468 1972 plenissimus
2510 1896 2602 1953 in-

446 1996 757 2057 scribitur:
819 1995 1182 2069 „Wahrheit
1239 1996 1361 2054 und
1405 1996 1678 2056 Irrthum
1738 1996 1845 2056 der
1901 1995 2343 2056 localistischen
2391 1998 2600 2056 Casus-

444 2100 693 2159 theorie.
726 2133 813 2144 —-
853 2099 969 2159 Ein
1015 2099 1259 2174 Beitrag
1303 2120 1412 2159 zur
1455 2099 1817 2160 rationellen
1855 2099 2253 2172 Behandlung
2297 2100 2403 2157 der
2446 2099 2600 2173 grie-

447 2203 731 2263 chischen
776 2203 900 2261 und
962 2203 1362 2264 lateinischen
1407 2205 1819 2281 Gasussyntax
1862 2204 1971 2261 auf
2010 2202 2215 2261 Grund
2260 2203 2367 2260 der
2411 2202 2601 2261 siche-

444 2325 552 2365 ren
584 2307 947 2380 Ergebnisse
990 2307 1097 2365 der
1142 2306 1643 2381 vergleichenden
1689 2305 2262 2381 Sprachforschung.
2329 2305 2598 2382 Leipzig,

453 2408 674 2468 1877.“
706 2443 787 2452 —
830 2409 1001 2468 Idem
1031 2409 1129 2469 vir
1159 2409 1366 2468 doctus
1399 2408 1749 2482 singillatim
1780 2408 1979 2481 graeci
2025 2408 2290 2481 genetivi
2327 2408 2600 2484 syntaxis

444 2505 810 2571 lineamenta
839 2512 1234 2585 adumbravit,
1275 2512 1340 2570 in
1372 2532 1573 2590 progr.
1605 2510 1902 2587 gymnasii
1933 2509 2381 2570 Bielefeldensis
2417 2511 2598 2569 1877.

446 2647 528 2657 -——
574 2614 686 2671 Est
728 2619 928 2673 autem
974 2614 1445 2673 demonstratum
1489 2615 1565 2673 ab
1611 2633 1708 2684 ec,
1768 2612 1922 2690 quod
1970 2612 2208 2692 quidem
2247 2614 2371 2688 jam
2418 2632 2598 2692 quum

443 2716 548 2776 alii
593 2721 720 2775 tum
764 2716 1286 2778 Delbriickius
1330 2715 1633 2793 (Ablativ‚
1678 2714 1943 2787 LocaliS,
1986 2714 2472 2773 Instrumentalis
2516 2715 2598 2773 im

443 2820 885 2893 Altindischen,
923 2819 1366 2889 Lateinischen‚
1402 2818 1829 2877 Griechischen
1860 2818 1982 2875 und
2013 2817 2376 2876 Deutschen.
2441 2817 2597 2877 Berl.

451 2922 638 3001 1867)
684 2922 1130 2991 intellexerant,
1177 2922 1522 2997 genetivum
1566 2939 1843 2994 graecum
1889 2940 2011 2979 non
2056 2920 2244 2979 solum
2275 2920 2600 2994 genuinum

445 3046 576 3085 esse
621 3025 967 3100 genetivum
1026 3026 1126 3084 sed
1173 3045 1421 3083 munera
1475 3024 1655 3083 etiam
1699 3023 1948 3084 ablativi
1995 3023 2339 3102 suscepisse.
2431 3024 2599 3082 Illius

449 3130 705 3209 quidem,
754 3148 928 3208 quem
973 3128 1412 3188 adnominalem
1458 3147 1588 3186 esse
1635 3128 1940 3186 commode
1971 3125 2193 3197 dicunt,
2240 3145 2310 3184 ea
2354 3134 2445 3184 est
2485 3107 2606 3196 vis}

448 3242 517 3291 ut
557 3232 888 3291 arctissima
917 3252 986 3290 eo
1019 3232 1391 3310 exprimatur
1420 3229 1730 3289 nominum
1760 3230 2009 3287 duorum
2041 3228 2399 3303 conjunctiO,
2447 3247 2598 3306 quae

450 3338 649 3392 tamen
696 3334 889 3413 qualis
935 3334 1030 3405 sit,
1074 3338 1275 3392 utrum
1317 3332 1756 3410 possessionem
1794 3330 2065 3404 designet
2108 3347 2185 3387 an
2213 3330 2598 3407 partitionem

452 3457 528 3497 an
593 3436 969 3515 qualitatem,
1036 3436 1230 3495 forma
1289 3435 1422 3512 ipsa
1483 3435 1729 3493 minime
1791 3432 2178 3506 significatur.
2283 3433 2601 3509 Adjectiva

454 3544 680 3611 autem,
734 3538 1049 3610 adverbia,
1093 3539 1280 3599 verba
1322 3538 1546 3597 idcirco
1593 3542 1827 3596 constat
1870 3536 2197 3594 consociari
2244 3555 2377 3594 cum
2422 3556 2599 3610 gene·

455 3642 580 3704 tivo
626 3642 904 3716 genuino,
951 3641 1429 3721 quandoquidem
1475 3640 1642 3702 notio
1686 3638 1809 3697 illis
1855 3640 2058 3697 subest
2100 3638 2436 3698 nominalis.

626 3744 755 3817 His,
800 3748 869 3804 ut
911 3744 1097 3816 decet,
1141 3743 1477 3821 profligatis
1517 3745 1639 3820 jam
1686 3743 1899 3836 accedo
1943 3742 2015 3799 ad
2066 3741 2302 3816 singula
2332 3744 2597 3817 genetivi

457 3848 702 3922 genuini
746 3866 967 3921 genera
996 3848 1414 3925 pertractanda
1444 3846 1896 3924 dispositionem
1930 3850 2184 3919 secutus,
2231 3865 2407 3925 quam
2438 3847 2601 3905 dedit

457 3948 965 4023 Holzweissigius.
