3017 4759
31 325 79 550 ἾΊἾῖΤ

20 3753 39 4096 κωλῆν-Μ
20 3697 21 3700 ⁴
20 3553 33 3558 ⁷
20 3411 49 3526 *2⁴³2*-
20 3277 55 3376 Ἀνὰ*
30 3243 39 3246 .
20 3191 39 3208 *
27 3119 56 3156 rr
20 3074 50 3095 ’,ι
20 2923 56 3051 *nai-‘J
20 2543 56 2876 ‘³‘
42 2493 53 2510 ..
23 1934 64 2279 s...
25 1606 58 1789 *fu-a
27 1420 62 1581 ·-.-.2,·-·-:--·.
27 1233 59 1361 Ἦν
36 1193 39 1194 =

20 4255 69 4704 memma-ww
24 4203 51 4236 22

1350 281 1779 349 -42....

486 440 662 511 VIII,
710 444 867 498 210:
928 433 1097 516 ἔριδα
1159 433 1536 517 προφέρηται
1593 432 1865 511 ἄέθλων;
1926 440 2185 501 maxime
2253 441 2428 501 Pind.
2472 444 2644 501 Nem.

484 543 566 614 X,
614 544 724 603 72:
768 533 990 617 χαλεποὶ
1038 532 1089 599 δ’
1134 538 1257 620 ἔρις
1301 533 1655 620 ἀνθρώποις
1699 533 1924 617 ὁμιλεῖν
1967 536 2355 622 κρεσσόνων]

654 641 718 720 β)
763 645 898 719 adj.
944 646 1281 718 Permagna
1325 644 1576 704 audacia
1611 646 1848 723 poetica
1877 645 2099 705 dicitur
2128 648 2234 706 Ch.
2272 647 2463 705 1067:
2509 639 2644 706 δεύ-

483 766 651 825 τερον
696 738 915 825 ἆνδρὸς
957 744 1221 822 βασίλεια
1262 740 1454 822 πάθη.
1522 744 1807 822 βασίλεια,
1854 749 2013 828 quod
2058 747 2280 808 dicitur
2323 769 2432 826 pro
2477 747 2638 824 βασι-

482 845 648 920 λέως,
687 852 962 926 junctum
1009 855 1102 908 est
1145 868 1280 908 cum
1323 842 1523 924 πάθη,
1567 850 1656 909 ita
1698 856 1767 910 ut
1805 842 2028 929 ἀνδρὸς
2057 852 2395 929 appositive
2425 851 2645 912 adicia-

484 958 583 1012 tur
611 980 697 1004 =
728 944 950 1029 ἀνδρὸς
997 947 1281 1028 βασιλέως
1324 944 1520 1029 πάθη.
1614 953 1798 1013 Plura
1856 953 1983 1014 dixi
2042 955 2158 1014 hac
2214 955 2287 1014 de
2341 956 2645 1016 locutione

483 1056 645 1115 infra
687 1055 727 1114 1.
774 1076 820 1114 s.

1354 1278 1761 1288 —————-——--—

1387 1462 1599 1543 Caput
1641 1461 1749 1528 IV.

885 1607 984 1661 De
1027 1605 1336 1674 genetivo
1380 1604 1741 1671 qualitatis
1783 1607 1854 1662 et
1897 1605 2239 1662 materiae.

1490 1755 1629 1833 gi.

654 1876 1012 1937 Genetivum
1056 1876 1378 1952 qualitatis,
1445 1875 1557 1934 etsi
1604 1877 1851 1935 fuerunt
1895 1875 1998 1954 qui
2043 1882 2364 1951 negarent,
2424 1875 2641 1952 (Mat-

484 1980 793 2039 thiaeus
839 1978 1236 2056 potissimum,
1283 1997 1461 2057 quem
1505 1979 1653 2038 citat
1681 1980 1827 2038 Lob.
1874 1977 1949 2037 ad
1980 1980 2207 2058 Phryn.
2254 2000 2312 2057 p.
2348 1979 2497 2056 215)
2529 1980 2639 2037 mi-

483 2082 643 2141 nime
686 2081 950 2140 alienum
997 2101 1126 2140 esse
1171 2102 1207 2141 a
1249 2101 1498 2155 graecae
1552 2081 1797 2156 linguae
1854 2082 2057 2141 indole
2108 2083 2234 2156 jam
2280 2087 2507 2141 certum
2553 2089 2645 2141 est

480 2186 608 2244 fere
668 2203 1154 2264 concessumque.
1252 2184 1477 2244 Verum
1539 2190 1738 2243 tamen
1798 2186 1960 2243 hunc
2017 2185 2397 2258 genetivum,
2459 2204 2641 2265 quum

480 2287 833 2364 praesertim
871 2287 1067 2365 poetis
1113 2287 1382 2364 exceptis
1413 2287 1570 2364 apud
1603 2286 1956 2365 posterioris
2000 2287 2287 2365 temporis
2318 2287 2642 2364 scriptores

481 2391 889 2450 tantummodo
936 2409 1127 2467 paene
1170 2390 1236 2448 in
1282 2410 1394 2449 usu
1438 2391 1535 2462 sit,
1582 2389 1935 2450 arctissimis
1980 2390 2203 2449 finibus
2246 2389 2640 2468 terminisque

481 2492 889 2552 circumscribi
948 2513 1056 2568 ego
1102 2492 1347 2552 minime
1404 2490 1686 2551 diffiteor.
1772 2492 2026 2552 Accedit
2083 2493 2270 2572 quod,
2333 2512 2516 2571 quum
2573 2491 2638 2550 in

478 2596 688 2669 lingua
728 2595 919 2653 latina
963 2594 1079 2653 nisi
1125 2595 1326 2655 addito
1358 2594 1677 2670 adjective,
1724 2613 1842 2673 quo
1877 2594 2220 2655 distinctius
2251 2594 2641 2665 describatur,

481 2717 603 2756 non
662 2702 1014 2773 usurpetur,
1078 2700 1291 2773 poetae
1352 2696 1552 2770 graeci
1612 2695 1774 2756 haud
1832 2716 1977 2759 varo
2035 2696 2206 2756 illum
2263 2703 2501 2774 ponunt
2539 2697 2637 2759 vel

482 2800 699 2858 omisso
744 2799 1059 2874 adjective.
1126 2799 1225 2857 Ita
1267 2799 1398 2858 loco
1447 2800 1629 2859 etiam
1672 2799 1778 2859 illo
1825 2799 2153 2859 clarissimo
2184 2800 2368 2877 Soph.
2399 2800 2491 2859 El.
2529 2804 2636 2859 19:

483 2894 730 2976 μέλαινά
753 2892 799 2959 τ’
823 2893 1057 2979 ἄστρων
1082 2897 1414 2961 ἐκλέλοιπεν
1437 2894 1708 2981 εὐφρόνη
1731 2904 2046 2978 genetivus
2079 2903 2386 2982 qualitatis
2408 2895 2642 2981 ἄστρων

482 3009 646 3065 caret
704 3005 989 3083 epitheto.
1092 3007 1234 3083 Ipso
1294 3011 1496 3065 autem
1554 3007 1866 3081 genetivO,
1926 3012 1995 3066 ut
2050 3007 2222 3068 brevi
2281 3006 2637 3084 praecidam,

481 3128 633 3188 quae
670 3113 761 3168 est
804 3113 1115 3185 poetarum
1159 3109 1408 3169 licentia
1437 3109 1698 3182 dicendi,
1744 3108 1900 3168 nihil
1931 3109 2277 3169 continetur
2305 3109 2424 3167 nisi
2467 3110 2635 3168 notio

480 3212 759 3288 adjectivi
804 3212 993 3272 veluti
1037 3202 1406 3288 ἅστερόεσσα.
1456 3246 1538 3256 -
1597 3212 1937 3290 Aeschylea
1996 3211 2271 3289 exempla
2328 3211 2395 3270 in
2439 3211 2635 3271 medio

482 3319 652 3376 sunt:

649 3418 708 3495 a)
753 3417 1114 3493 adjectivum
1157 3418 1437 3491 genetivo
1484 3422 1578 3477 est
1620 3417 1889 3477 additum
1932 3418 2031 3476 Pr.
2078 3422 2235 3476 213:
2282 3417 2452 3486 Γαῖα,
2497 3416 2636 3474 πολ-

478 3518 598 3576 λῶν
641 3509 954 3593 ὀνομάτων
999 3512 1208 3596 μορφὴ
1253 3517 1358 3594 μία
1402 3520 1503 3598 (cf.
1554 3521 1702 3580 Hor.
1750 3521 1859 3580 Od.
1907 3519 2022 3594 111,
2070 3525 2128 3594 9,
2177 3521 2244 3580 7:
2291 3519 2468 3579 multi
2512 3520 2634 3598 Ly-

481 3622 578 3680 dia
623 3621 900 3682 nominis.
988 3623 1040 3695 I,
1090 3627 1188 3696 36,
1242 3627 1350 3682 13:
1395 3623 1569 3682 multi
1614 3623 1882 3682 Damalis
1926 3622 2120 3699 meri).
2208 3627 2321 3696 Ag.
2369 3625 2478 3681 44:
2524 3618 2634 3678 δι-

481 3717 771 3802 δρόνου
819 3718 1048 3784 Διόθεν
1092 3720 1194 3783 καὶ
1239 3721 1722 3802 δισκήπτρου
1776 3721 1784 3807 Ι
1839 3725 2059 3801 τιμῆς
2102 3715 2322 3802 ὀχυρόν
2365 3723 2635 3801 ζεῦγος

476 3818 855 3906 Ἀτρειδᾶν
913 3828 1052 3889 vide
1095 3827 1275 3888 infra.
1361 3831 1474 3902 Ag.
1524 3833 1678 3888 348:
1737 3822 1886 3906 μέγα
1930 3823 2202 3896 δουλείας
2247 3821 2258 3908 Ι
2306 3824 2632 3906 γάγγαμον,

477 3920 521 3988 ὅὶ
532 3949 658 4004 της
717 3925 1183 3990 παναλώτου.
1278 3929 1512 3996 Quibus
1571 3951 1681 4006 ego
1741 3930 2033 4009 exemplis
2092 3949 2162 3990 eo
2214 3931 2514 4008 perducor
2565 3934 2635 3989 ut

481 4033 660 4092 etiam
690 4033 852 4111 Sept.
881 4033 1031 4093 677:
1062 4025 1486 4112 πικρόκαρπον
1518 4028 2046 4114 ἀνδροκτασίαν
2073 4033 2257 4092 τελεῖν
2290 4031 2298 4113 Ι
2334 4029 2632 4108 αἵματος

480 4125 570 4193 οὗ
626 4137 766 4210 θεμ
783 4151 936 4195 ιστο
955 4136 993 4194 ὗ
1051 4138 1238 4199 verba
1293 4142 1564 4198 extrema
1621 4156 1730 4214 pro
1791 4157 1924 4211 gen.
1972 4134 2281 4215 qualitatis
2325 4134 2629 4212 accipiam.
