3017 4759
1334 282 1760 349 -24.„-.

468 429 652 495 πολλοὶ
699 429 751 495 δ’
794 433 979 514 ἔτυμα
1025 434 1404 517 παιδότρωτα
1443 436 1452 522 Ι
1492 434 1699 499 πάθεα
1744 437 2165 520 προσμένει
2224 445 2449 503 τοκεῦ
2486 440 2496 524 Ι
2535 459 2631 503 σιν

467 540 756 613 μεταῦθις
787 536 850 598 ἐν
880 534 1093 623 χρόνῳ.
1142 575 1225 586 --
1271 543 1386 601 His
1430 543 1578 602 locis
1626 545 1934 605 subductis
1974 548 2101 623 jam
2145 548 2260 605 duo
2308 553 2631 625 supersunt

474 642 533 719 1)
578 644 691 716 frg.
740 647 897 702 2463
965 639 1355 723 φαγέδαιναν,
1422 638 1463 720 ’ἥ
1525 666 1643 721 μου
1704 639 1931 725 σάρκας
1996 644 2185 706 ἐσθίει
2245 642 2437 718 ποδός
2498 651 2629 729 (sed

464 744 809 804 facillimam
855 766 963 820 ego
1010 766 1348 824 proponere
1393 748 1586 807 ausim
1630 749 2023 810 mutationem
2053 783 2138 795 —·
2168 744 2208 827 ἢ
2237 744 2374 827 ’μοῦ
2404 746 2630 830 σάρκας

465 842 654 906 ἐσθίει
683 840 918 925 ποδός).
988 854 1049 908 et
1095 849 1159 926 2)
1195 851 1367 910 Eum.
1405 852 1521 910 797
1558 852 1766 931 (769)3
1810 846 2100 922 παλαιούς
2146 846 2371 930 νόμους
2401 859 2625 914 καθιπ-

465 942 742 1007 πάσασθε
773 942 891 1007 κᾶκ
921 952 1108 1030 χερῶν
1139 948 1369 1012 εἵλεσθέ
1407 973 1545 1028 μου,
1595 975 1711 1034 quo
1757 954 2000 1035 quidem
2042 955 2173 1015 loco
2221 947 2436 1015 εἵλεσθ’
2467 953 2626 1034 ἐμῶν

466 1052 708 1111 omnino
755 1053 1136 1113 scribendum
1184 1075 1312 1114 esse
1356 1056 1507 1116 mihi
1550 1056 1744 1124 videri
1789 1077 1911 1117 non
1957 1058 2242 1118 reticebo,

636 1152 704 1233 β)
748 1155 1028 1215 Dualis
1087 1158 1405 1232 genetivus
1451 1161 1571 1220 ch.
1622 1159 1775 1219 2713
1834 1154 1941 1229 τοὶς
1985 1155 2050 1219 δὲ
2093 1162 2214 1242 νῷν
2258 1160 2334 1239 (?)
2389 1154 2623 1233 νόσους.

465 1259 660 1317 Locus
722 1262 813 1317 est
858 1266 1192 1337 corruptus.
1281 1263 1363 1321 M.
1411 1255 1801 1334 νεωνόσσους,
1864 1283 2013 1323 corr.
2074 1263 2141 1322 in
2187 1265 2325 1338 νῶν,
2385 1258 2619 1335 νόσους.

464 1362 586 1440 νῷν
645 1363 962 1441 quominus
1023 1364 1321 1423 scribatur
1379 1364 1774 1424 collocatione
1835 1385 2072 1446 quoque
2129 1366 2457 1444 impeditur
2518 1369 2622 1445 (cf.

462 1465 683 1538 Krueg.
731 1465 831 1525 Di.
877 1466 976 1540 47,
1025 1473 1081 1539 9,
1133 1467 1212 1545 5).
1301 1468 1541 1528 Herm:
1587 1460 1690 1537 τοὶς
1734 1459 1787 1526 δ’
1834 1465 2021 1527 αἰνῶν
2066 1461 2298 1537 νόσους.

633 1567 690 1646 γ)
738 1567 1057 1627 Pluralis
1089 1570 1406 1644 genetivus
1431 1563 1603 1646 ἡμῶν
1628 1562 1934 1649 (ἡμέτερος
1958 1565 2142 1631 octies
2175 1572 2486 1649 cernitur),
2519 1572 2622 1652 qui

461 1668 702 1728 omnino
765 1670 960 1730 decies
1021 1671 1263 1733 obviam
1318 1674 1417 1746 fit,
1481 1694 1557 1732 ne
1602 1693 1723 1731 uno
1772 1673 2012 1753 quidem
2068 1674 2202 1733 loco
2249 1674 2620 1753 possessivus

460 1771 670 1831 haberi
716 1777 932 1850 potest.
1001 1775 1275 1855 Namque
1307 1782 1411 1835 aut
1454 1775 1932 1853 praepositiones
1964 1778 2078 1836 sibi
2125 1777 2402 1854 adjungit
2432 1778 2617 1855 (Sept.

463 1879 605 1933 686.
652 1876 817 1934 Pers,
867 1880 1007 1935 404.
1057 1880 1167 1952 Ag.
1215 1883 1358 1951 999,
1414 1883 1593 1938 1511.
1649 1880 1822 1937 Eum.
1873 1884 2014 1939 310.
2067 1879 2273 1958 Suppl.
2325 1873 2472 1957 595)
2518 1885 2623 1939 aut

459 1998 536 2037 ex
579 1979 764 2038 verbo
809 1983 900 2037 est
944 1999 1270 2057 suspensus
1315 1979 1545 2058 (Suppl.
1582 1981 1730 2058 722)
1778 1989 1881 2039 aut
1924 1982 2246 2059 partitivus
2292 1988 2384 2041 est
2427 1983 2617 2061 (Pers.

463 2082 612 2160 500)
658 2086 763 2140 aut
809 2081 1142 2159 objectivus
1173 2086 1284 2156 Ag.
1323 2088 1484 2142 1234
1534 2076 1684 2160 (ἥξει
1729 2104 1840 2161 γαρ
1887 2075 2060 2158 ἡμῶν
2105 2077 2276 2153 αλλος
2306 2072 2385 2142 αὐ
2415 2105 2619 2161 τιμαο-

459 2182 586 2262 ρος)
632 2189 737 2243 aut
780 2185 1040 2265 denique
1087 2186 1527 2263 comparativus
1571 2187 1684 2259 frg.
1734 2186 1875 2259 257,
1924 2191 1980 2244 4.

629 2286 694 2364 b)
738 2288 1230 2347 Transeamus
1291 2288 1363 2348 ad
1418 2307 1737 2365 personam
1797 2289 2205 2348 secundam
2250 2283 2382 2367 (σός
2426 2289 2617 2363 69ies‚

462 2381 593 2457 τεός
633 2394 728 2449 ter
768 2390 1121 2467 invenitur).

633 2492 694 2569 α)
743 2492 1099 2556 Genetivum
1130 2493 1491 2568 singularem
1523 2513 1642 2552 uno
1674 2498 1735 2552 et
1767 2494 2165 2573 quadraginta
2192 2475 2341 2554 locis
2375 2495 2616 2554 omnino

459 2593 745 2668 legimus:
805 2597 916 2654 σοῦ’
972 2597 1185 2669 vicies,
1255 2591 1432 2654 σέθεν
1476 2595 1662 2676 (quod
1723 2597 1991 2675 exceptis
2051 2599 2280 2657 duobus
2339 2597 2489 2657 locis
2532 2633 2616 2643 -—

463 2696 672 2774 Suppl.
718 2702 868 2771 890,
927 2698 1033 2757 ubi
1090 2697 1429 2775 proximum
1486 2704 1577 2756 est
1621 2700 1806 2759 verbo
1852 2704 2119 2759 extremo
2180 2705 2239 2759 et
2282 2701 2441 2779 Sept.
2501 2706 2613 2758 128

460 2800 526 2860 in
573 2800 864 2862 dochmiis
910 2834 992 2843 —-
1037 2820 1273 2878 semper
1317 2800 1543 2860 claudit
1586 2801 1851 2879 versum)
1898 2804 2081 2861 semel
2127 2808 2188 2863 et
2230 2804 2432 2863 vicies.

632 2904 747 2962 Sed
794 2922 974 2983 quum
1019 2903 1365 2977 genetivum
1409 2903 1782 2980 pronominis
1825 2903 2036 2982 prim.
2074 2926 2230 2984 pers.
2263 2905 2414 2983 sing.
2446 2926 2616 2965 num-

466 3026 643 3087 quam
683 3008 811 3067 fere
854 3006 1259 3083 possessivum
1304 3026 1434 3067 esse
1479 3007 1805 3067 habeamus
1850 3007 2258 3083 intellectum,
2320 3009 2392 3068 de
2435 3029 2615 3083 gene-

459 3110 604 3173 tivis
648 3111 757 3169 σοῦ
801 3115 862 3171 et
905 3105 1083 3169 σέθεν
1125 3130 1253 3171 rem
1296 3130 1543 3189 prorsus
1598 3111 1776 3171 aliter
1821 3131 1884 3170 se
1927 3113 2151 3171 habere
2195 3111 2455 3190 patebit:
2514 3113 2613 3171 Pr.

466 3216 579 3275 783
622 3207 801 3291 όμοια
844 3215 1052 3299 μορφῇ
1096 3208 1337 3292 γλῶσσοῖ
1375 3230 1485 3273 σου
1530 3233 1825 3293 γηρυεται.
1902 3217 2012 3289 Ag.
2054 3220 2249 3276 1052.
2292 3210 2461 3284 κλέος
2507 3214 2618 3274 σοῦ

463 3310 744 3391 μαντικόν
787 3311 1155 3392 πεπυσμένοι
1199 3303 1366 3392 ἦμεν.
1456 3319 1564 3378 oh.
1616 3317 1768 3377 1373
1828 3319 1955 3385 τοῖς
1996 3308 2050 3374 δ’
2094 3313 2382 3387 ἐναντίοις
2420 3315 2430 3399 Ι
2467 3312 2613 3395 λέγω

463 3417 731 3495 φανῆναί
772 3433 881 3477 σου
925 3452 1012 3461 -
1054 3437 1372 3496 τιμαορον,
1433 3419 1539 3478 ubi
1601 3435 1710 3477 σου
1770 3420 1843 3477 ad
1906 3416 2195 3489 ἐναντίοις
2235 3422 2615 3481 referendum

464 3540 593 3580 esse
654 3520 827 3580 docet
877 3519 1075 3581 Schol.
1120 3520 1203 3578 M.
1292 3523 1402 3594 Ag.
1456 3524 1651 3581 13533
1711 3516 2104 3598 θαυμάζομέν
2162 3538 2272 3582 σου
2331 3525 2611 3603 γλῶσσαν.

462 3626 622 3702 Sept.
658 3628 810 3684 6153
854 3615 958 3682 τόν
990 3614 1179 3681 αὐτοῦ
1210 3623 1319 3681 σοῦ
1351 3621 1705 3701 κασίγνητον
1748 3630 1943 3699 genet.
1990 3632 2082 3685 est
2122 3646 2290 3704 pron.
2335 3624 2613 3685 reflexivi

464 3732 525 3787 et
581 3729 749 3787 Eum.
801 3731 954 3785 895:
1019 3726 1263 3783 τοιαῦτα
1329 3718 1535 3786 σοῦστι
1600 3727 1914 3801 genetivus
1980 3728 2383 3808 praedicative
2448 3726 2611 3806 (vide

459 3832 644 3910 infra)
703 3835 794 3890 est
850 3828 1100 3908 positus.
1161 3864 1245 3875 -—
1311 3830 1541 3896 Quater
1596 3830 1785 3906 igitur
1843 3833 1954 3892 σοῦ
2012 3833 2075 3895 vi
2135 3834 2473 3911 possessiva
2528 3865 2613 3877 -

463 3934 652 4007 magis
694 3934 938 4010 proprie
981 3932 1178 3993 dicere
1223 3953 1347 3992 non
1391 3953 1634 4011 possum
1662 3969 1746 3980 -
1775 3936 2115 4013 praeditum
2159 3957 2287 3997 esse
2325 3936 2612 3999 videmus.

463 4069 547 4080 —
578 4035 824 4113 Saepius
856 4036 1037 4095 etiam
1079 4035 1166 4096 ita
1194 4041 1520 4115 usurpatur
1548 4038 1738 4097 altera
1780 4039 1973 4099 forma
2003 4035 2196 4098 σέθεν.
2262 4040 2422 4119 Sept.
2466 4044 2615 4100 1283

465 4133 644 4197 σέθεν
700 4134 760 4209 ἐξ
818 4134 1068 4215 αἵματος
1124 4131 1465 4219 γεγόναμεν.
1554 4142 1720 4203 Pers.
1768 4147 1926 4203 2183
1989 4140 2089 4202 σοί
2136 4162 2197 4201 τε
2239 4138 2341 4201 καὶ
2384 4138 2613 4213 τέκνοις
