3017 4759
1298 340 1381 352 -.
1470 257 1727 369 ,ιη’-

429 455 808 541 τετρασκελής
837 451 1371 537 κενταυροπληθής
1401 451 1661 536 πόλεμος
1691 459 1870 519 Herc.
1911 461 2073 517 1282
2119 460 2298 540 atque
2333 457 2593 536 plurima

430 566 607 639 talia,
669 584 822 645 quae
882 583 1077 644 neque
1122 562 1327 623 mirari
1386 561 1715 620 desinimus
1762 580 1958 641 neque
2001 564 2232 619 mutare
2289 560 2589 634 audemus,

430 670 602 751 quia,
651 689 835 748 quum
879 658 1208 743 ἀλλοεθνὴς
1251 659 1510 742 πόλεμος
1553 665 1806 744 Dionys.
1853 668 1991 724 tutt.
2039 664 2111 725 V.
2159 684 2206 723 c.
2255 668 2289 722 5
2337 663 2591 740 pariter-

432 794 546 854 que
591 775 924 853 temperata
968 768 1445 848 probaverimus,
1495 786 1648 849 quae
1679 767 1775 826 his
1805 766 2150 827 minutatim
2193 772 2255 826 et
2296 767 2590 841 gradatim

429 875 802 937 accumulata
860 879 1031 948 sunt,
1094 872 1412 952 repudiare
1472 891 1597 931 non
1657 874 2030 948 possumus.“
2126 871 2436 931 Hactenus
2495 872 2591 932 vir

430 979 824 1039 doctissimus.
872 1012 952 1021 —-
1008 977 1123 1037 Sed
1172 976 1463 1054 exempla,
1509 974 1728 1054 quibus
1774 993 1915 1032 usus
1961 978 2080 1049 est,
2125 994 2248 1034 non
2292 975 2366 1032 ad
2411 994 2589 1050 gene-

427 1081 620 1144 tivum
684 1080 1049 1160 objectivum
1113 1080 1216 1139 sed
1279 1079 1356 1138 ad
1418 1076 1818 1156 subjectivum
1881 1076 2184 1156 pertinere
2249 1083 2341 1137 est
2401 1078 2588 1138 mani-

432 1186 669 1245 festum.

1439 1316 1578 1397 ge.

602 1438 928 1499 Multorum
958 1440 1280 1499 verborum
1323 1436 1644 1515 participia
1675 1435 2188 1500 substantivorum
2232 1437 2426 1496 instar
2455 1457 2587 1496 cum

428 1542 710 1618 genetivo
742 1541 1028 1614 construi,
1073 1560 1143 1599 ac
1175 1539 1523 1617 saepissime
1556 1540 1796 1620 quidem
1824 1539 1970 1599 tria:
2017 1531 2345 1617 συνάρχων,
2382 1532 2587 1612 τεκών,

424 1638 749 1721 προσήκων
797 1643 1059 1703 ostendit
1105 1645 1277 1703 docte
1322 1645 1492 1703 Lob.
1542 1643 1616 1701 ad
1663 1642 1773 1701 Ai.
1820 1660 1879 1700 v.
1929 1647 2073 1701 360.
2164 1641 2355 1705 Quem
2401 1663 2586 1723 quum

427 1747 701 1825 exemplo
747 1768 837 1820 eo,
885 1747 1041 1826 quod
1088 1745 1237 1805 mihi
1281 1745 1346 1803 in
1391 1744 1592 1804 animo
1640 1748 1771 1805 erat
1813 1764 2056 1822 ponere,
2096 1747 2223 1820 jam
2251 1765 2425 1804 usum
2456 1766 2585 1805 esse

428 1850 662 1910 videam
708 1851 872 1908 Pers.
922 1853 1076 1908 245:
1138 1843 1350 1907 ἰόντων
1407 1851 1534 1917 τοῖς
1590 1848 1882 1918 τεκοῦσιν,
1940 1847 2121 1907 liceat
2176 1854 2379 1909 tamen
2436 1850 2581 1910 mihi

425 1952 669 2012 laudare
723 1952 921 2011 locum
964 1952 1128 2027 Sept.
1173 1956 1286 2010 49:
1346 1942 1605 2027 μνημεῖά
1649 1942 1716 2008 θ’
1760 1943 1962 2009 αὐτῶν
2014 1954 2141 2019 τοῖς
2182 1945 2458 2010 τεκοῦσιν
2503 1948 2585 2020 εἰς

426 2042 655 2128 δόμους
698 2089 804 2126 -‚
864 2054 967 2113 ubi
1013 2044 1213 2111 αὖτῶν
1255 2073 1378 2112 non
1422 2054 1620 2113 minus
1675 2054 1749 2113 ad
1794 2056 2051 2129 μνημεῖα
2095 2053 2361 2131 pertinet
2409 2074 2584 2133 quam

425 2160 500 2218 ad
546 2161 673 2227 τοῖς
717 2158 1008 2216 τεκοῦσιν.
1101 2157 1590 2233 componendum
1634 2162 1727 2216 est
1769 2158 1874 2217 Oh.
1919 2164 2030 2217 64:
2074 2151 2313 2236 θιγόντι
2357 2148 2410 2216 δ’
2455 2150 2583 2216 οῦτι

422 2262 745 2336 νυμφικῶν
789 2256 1048 2319 ἑδωλίων
1101 2257 1112 2341 Ι
1167 2251 1332 2329 ἄκος.
1422 2260 1731 2320 Consimili
1778 2261 1937 2320 enim
1980 2260 2082 2321 hic
2125 2261 2360 2321 ratione
2404 2283 2582 2337 gene-

422 2365 585 2426 tivus
644 2364 966 2440 νυμφικῶν
1009 2357 1268 2422 ἑδωλίων
1327 2368 1389 2423 et
1433 2363 1508 2422 ad
1551 2354 1794 2441 θιγόντι
1850 2368 1911 2422 et
1952 2361 2027 2422 ad
2072 2355 2220 2433 ι’ἱκος
2279 2370 2371 2423 est
2428 2369 2582 2441 refe-

421 2467 660 2528 rendus.

1435 2601 1574 2681 §⁷-

590 2722 920 2785 Reservavi
979 2723 1055 2781 ad
1115 2727 1453 2784 extremum
1513 2722 1825 2797 genetivos
1883 2724 2214 2801 objectivos
2260 2746 2578 2805 suspensos

422 2846 498 2885 ex
543 2825 964 2899 substantivis,
1010 2845 1265 2905 quorum
1307 2827 1496 2887 verba
1539 2845 1661 2884 non
1714 2823 1917 2887 dativo
1963 2831 2067 2886 aut
2111 2829 2449 2891 accusativo
2495 2865 2579 2874 -—-

422 2926 486 2985 hi
531 2927 692 2987 enim
735 2934 874 2987 sunt
917 2928 1048 2990 veri
1093 2927 1484 3008 germanique
1537 2946 1707 2987 casus
1754 2928 1973 3004 objecti
2018 2964 2102 2974 —-
2147 2932 2248 2990 sed
2294 2933 2575 3007 genetivo

421 3033 482 3088 et
523 3029 785 3104 genuino
831 3035 892 3090 et
933 3030 1200 3093 ablativo
1245 3030 1646 3108 applicantur.

599 3135 655 3211 l)
701 3125 979 3210 μνήμη.
1049 3134 1148 3194 Pr.
1195 3137 1354 3193 463:
1398 3126 1637 3209 μνήμην
1681 3124 1980 3193 ἁπάντων.
2047 3136 2364 3209 genetivus
2408 3139 2576 3199 deest

417 3235 621 3316 Suppl.
659 3240 814 3297 260:
859 3229 1103 3313 μνήμην
1147 3228 1264 3294 τότ’
1296 3226 1653 3311 ἀντίμισθον
1695 3228 1893 3317 ηὕρετ’
1924 3234 1987 3297 ἐν
2030 3239 2231 3308 λιταῖς.
2265 3273 2349 3283 -
2395 3261 2572 3302 con-

418 3341 637 3399 creta.
680 3338 947 3416 ejusdem
991 3339 1228 3414 generis
1271 3340 1681 3416 reperiuntur:

588 3440 652 3518 2)
697 3441 970 3518 μνῆμα.
1046 3443 1144 3502 Pr.
1183 3447 1336 3502 839:
1380 3442 1486 3518 τῆς
1531 3443 1642 3519 σῆς
1684 3441 1929 3521 πορείας
1972 3446 2175 3522 μνῆμα
2220 3449 2345 3517 τοῖς
2388 3448 2570 3509 πᾶσιν

414 3540 669 3622 βροτοῖς.

586 3646 649 3723 3)
692 3648 1082 3723 μνημεῖον.
1152 3647 1315 3724 Sept.
1352 3651 1465 3707 49:
1510 3651 1767 3725 μνημεῖα
1810 3640 1876 3705 θ’
1920 3641 2119 3710 αὑτῶν
2164 3656 2289 3723 τοῖς
2331 3658 2567 3715 τεκοῦσι

409 3747 490 3824 (v.
537 3748 739 3824 paullo
786 3751 1009 3828 supra).
1098 3750 1367 3812 dativum
1419 3751 1767 3831 ceteroquin
1828 3752 2069 3834 utrique
2128 3755 2261 3816 voci
2319 3757 2568 3837 insuper
2635 3803 2638 3804 ν

411 3850 709 3926 adjectum
755 3851 934 3913 velim
979 3852 1334 3913 consideres.
2149 3895 2150 3898 =

584 3955 647 4031 4)
691 3951 971 4033 ἵμερος.
1027 3959 1122 4031 Ag
1146 3961 1323 4018 ‚5222
1370 3958 1490 4016 τῶν
1520 3949 1901 4036 ἀντερώντων
1932 3955 2113 4040 ἱμέρῳ
2145 3960 2562 4041 πεπληγμένοι.

408 4056 638 4117 Ceteris
680 4058 829 4117 locis
877 4058 1155 4138 (septem)
1202 4060 1551 4136 genetivum
1597 4081 1716 4119 non
1762 4063 1948 4121 habet
1992 4082 2206 4123 secum.

585 4160 645 4240 5)
691 4156 893 4241 ἔρως.
958 4164 1073 4237 Ag.
1110 4166 1262 4224 518:
1305 4159 1456 4242 ἔρως
1485 4157 1768 4245 πατρῴας
1795 4162 1972 4242 τῆσδε
2000 4167 2126 4246 γῆς.
2196 4168 2367 4228 Eum.
2402 4173 2559 4230 849:
