3017 4759
1243 290 1714 361 2117—

411 441 476 506 δὲ
519 445 602 519 εἰς
643 442 709 507 τό
745 444 906 519 τέλος
949 449 1057 507 τοῦ
1088 443 1321 529 δρόμον
1366 443 1403 510 δ’
1434 446 1610 522 ἔστιν,
1657 441 1839 528 ἤνυσε
1872 443 1977 508 τόν
2006 440 2241 528 ἀγῶνα,
2286 440 2555 525 ἀφίκετο,

409 549 623 628 φησίν,
669 549 753 620 εἰς
795 544 860 610 τὸ
907 548 1070 622 τέλος
1114 554 1226 611 τοῦ
1266 545 1514 632 ἀγῶνος.

578 654 987 733 Οοιιιροεὶίτιιπι
1032 652 1067 712 δ
1080 648 1499 734 ιαλαγχάνω
1542 656 1856 731 „dividere
1899 676 2009 735 per
2038 659 2299 716 sortem“
2342 675 2454 734 per
2496 676 2560 716 se

407 759 577 834 patet
599 757 969 833 jungendum
1014 777 1144 817 esse
1181 777 1318 817 cum
1347 758 1689 819 accusativo
1736 760 1901 838 Sept.
1937 758 1971 818 7
1981 759 2089 818 ’723
2134 751 2513 838 σιδαρονόμῳ
2550 756 2559 839 Ι

408 850 508 916 διά
550 855 673 937 χερὶ
716 854 858 918 ποτὲ
901 862 1092 936 λαχεῖν
1130 857 1140 943 Ι
1178 853 1463 938 κτήματα.
1555 862 1640 921 ib.
1684 861 1839 921 ’1983
1887 856 2154 938 διέλαχον
2199 852 2559 942 σφυρηλάτῳ
2635 884 2638 888 ⁴

407 953 631 1044 Σκύθῃ
675 955 899 1044 σιδήρῳ
943 955 1260 1040 κτημάτων
1305 963 1677 1040 παμπησίαν.

578 1058 832 1124 ἀντάω
899 1065 1072 1145 (Lob.
1140 1067 1217 1126 ad
1276 1066 1374 1127 Ai.
1435 1088 1494 1144 p.
1545 1066 1715 1143 340.)
1778 1066 2084 1141 „incidere
2141 1067 2209 1126 in
2273 1067 2562 1147 aliquid“,

405 1168 614 1247 Suppl.
663 1173 776 1227 363
837 1165 986 1226 ἔνθα
1047 1163 1112 1228 δὲ
1165 1167 1400 1227 λαίλαπι
1443 1162 1867 1249 χειμωνοτύπῳ
1929 1167 2152 1252 βροντῇ
2195 1170 2453 1252 στεροπῇ
2497 1163 2556 1228 τ’.

405 1264 884 1348 ὀμβροφόροισίν
927 1262 985 1328 τ’
1028 1265 1271 1346 ἀνέμοις
1315 1264 1531 1350 ἀγρίας
1575 1262 1718 1341 ἀλός
1760 1265 2119 1347 ἀντήσαντες
2161 1263 2409 1342 ὄλοιντο,
2453 1272 2562 1334 ubi

408 1393 542 1433 cum
573 1373 857 1448 genetivo
888 1364 1098 1452 ἀγρίας
1128 1366 1287 1447 ἀλός,
1333 1395 1457 1435 non
1502 1395 1638 1434 cum
1667 1374 1894 1436 dativis
1925 1373 2387 1435 consociandum
2431 1394 2561 1434 esse

405 1476 556 1536 duco
583 1469 950 1549 ἀντήσαντες.
1044 1477 1349 1541 Quantum
1381 1477 1543 1537 enim
1573 1497 1682 1553 ego
1715 1477 1929 1552 sentio,
1975 1476 2236 1550 dativus,
2283 1477 2387 1556 qui
2416 1476 2562 1537 huic

406 1578 754 1655 adjungitur
812 1584 999 1641 verbo
1017 1626 1033 1654 ,
1096 1595 1333 1659 semper
1395 1584 1488 1640 est
1545 1600 1835 1658 personae
1894 1579 2233 1658 (occurrere
2291 1579 2558 1657 alicui“).

403 1681 580 1742 Hom.
640 1683 716 1741 Π.
762 1681 884 1756 VI,
931 1688 1074 1742 399.
1163 1684 1346 1761 Soph.
1396 1682 1494 1741 Ai.
1546 1686 1687 1742 585.
1778 1683 1876 1741 Tr.
1924 1685 2067 1741 902.
2154 1682 2368 1761 Neque
2411 1702 2558 1743 vero

405 1782 732 1862 quidquam
774 1787 1152 1866 frequentius
1211 1787 1495 1862 genetivo
1553 1786 1646 1846 rei
1706 1791 1770 1846 et
1819 1789 1977 1846 bono
2036 1806 2216 1845 sensu
2276 1790 2340 1844 et
2380 1787 2557 1846 malo.

405 1883 752 1961 Cujusmodi
779 1892 919 1946 utar
948 1889 1225 1966 exemplo
1254 1889 1431 1948 Pind.
1465 1889 1560 1948 01.
1582 1888 1665 1962 X,
1712 1893 1822 1948 42:
1868 1878 2120 1956 ἀλοόσιος
2150 1878 2447 1956 ἀντάσαις.
2476 1921 2559 1932 --

404 1986 641 2048 dativos
684 1987 922 2047 λαίλαπι
963 1984 1417 2072 χειμωνοτύπῳ,
1480 1988 1703 2073 βροντῇ
1746 1991 1992 2073 στερονῇ
2042 1984 2097 2047 τ’
2150 1982 2559 2070 ὀμβροφόροι-

405 2086 500 2147 σίν
543 2081 602 2146 τ’
646 2085 886 2167 ἀνέμοις
929 2092 1307 2170 dynamicos,
1353 2112 1501 2173 quos
1532 2113 1848 2167 vocamus,
1894 2091 2329 2153 declaraverim
2372 2091 2560 2170 perti·

404 2196 618 2252 nentes
663 2195 738 2253 ad
782 2186 1010 2254 ἷίλοιντο
1059 2197 1133 2256 cf.
1179 2196 1287 2256 Oh.
1326 2200 1478 2257 8813
1546 2189 1742 2266 δόλοις
1787 2189 2110 2271 ὀλούμεθα.
2202 2195 2364 2273 Sept.
2403 2198 2561 2254 813:

405 2285 623 2353 ὤλοντ’
668 2289 876 2372 ἀσεβεῖ
914 2294 1168 2379 διανοίᾳ.
1257 2299 1466 2377 Suppl.
1503 2303 1653 2358 833:
1698 2290 1974 2373 όλόμεναι
2018 2288 2335 2372 παλάμαις.

571 2398 612 2456 J
612 2397 708 2457 am
752 2419 897 2461 vero
934 2400 1263 2481 quaeritur,
1307 2421 1452 2460 num
1485 2394 1671 2458 ἀντᾶν
1716 2420 1850 2460 cum
1877 2398 2220 2460 accusativo
2252 2396 2558 2478 (substan-

400 2497 543 2577 tivi)
589 2501 782 2578 possit
819 2503 1105 2564 construi.
1195 2505 1404 2583 Suppl.
1442 2506 1599 2564 3103
1642 2536 1729 2547 -—
1775 2496 1951 2572 εἰδώς
1979 2496 2053 2561 δ’
2108 2492 2266 2577 ἀμόν
2309 2493 2559 2579 ἀρχαῖον

398 2595 571 2678 γένος
610 2596 901 2681 πράσσοις
945 2597 1019 2663 ἀν
1064 2596 1146 2675 ὥς
1186 2597 1454 2684 Ἀργεῖον
1498 2598 1764 2682 ἀντήσας
1807 2598 2036 2664 στόλον.

573 2697 613 2763 ἀ
624 2700 952 2783 νστήσας
996 2709 1087 2767 Μ
1107 2754 1123 2781 ,
1188 2710 1294 2769 sed
1349 2708 1720 2787 adscriptum
1781 2712 1874 2767 est
1930 2698 2209 2783 ἀντήσασ.
2311 2707 2558 2783 Ample-

403 2809 720 2867 ctebantur
774 2810 1049 2890 plerique
1111 2812 1370 2871 editores
1417 2805 1696 2887 ἀντήσασ.
1766 2810 2088 2889 (imprimis
2153 2810 2557 2882 Hermannus,

401 2907 771 2984 Dindorfius‚
815 2911 1274 2990 Kirchhoffius).
1363 2914 1603 2972 Herm.:
1650 2913 1762 2987 „Id
1802 2913 1906 2972 hic
1937 2913 2234 2987 agendum
2277 2915 2409 2970 erat
2434 2912 2557 2971 Da·-

402 3009 681 3070 naidjbus
698 3057 713 3084 ,
768 3017 840 3072 ut
895 3033 958 3073 se
1001 3013 1264 3088 Argivas
1322 3013 1558 3088 origine
1617 3034 1746 3073 esse
1791 3015 2094 3073 docerent.
2183 3014 2365 3090 Soph.
2410 3015 2555 3072 Ant.

404 3117 560 3173 981:
619 3104 662 3173 ἀ
703 3109 767 3173 δὲ
811 3111 1045 3192 σπέρμα
1088 3110 1195 3192 μὲν
1238 3108 1647 3193 ἀρχαιογόνων
1692 3106 1896 3172 ἀντασ’
1941 3108 2386 3194 Ἐρεχθειδάν.“
2472 3117 2560 3174 At

400 3214 700 3277 immerito
744 3217 846 3279 vir
889 3238 1156 3278 summus
1207 3221 1324 3279 hoc
1365 3218 1573 3297 posuit
1616 3219 1976 3297 exemplum.
2068 3216 2349 3279 Genetivi
2395 3216 2557 3276 enim

401 3311 530 3394 ἀρχ.
568 3313 804 3398 Ἐρεχθ.
852 3321 1173 3399 copulandi
1220 3326 1362 3381 sunt
1397 3341 1532 3380 cum
1563 3314 1795 3390 ἀντασ’,
1843 3324 1905 3380 et
1933 3315 2166 3398 σπέρμα
2213 3326 2321 3387 (=
2363 3313 2554 3398 γένος)

402 3426 496 3480 est
537 3423 916 3486 accusativus
932 3470 946 3498 ,
1014 3443 1193 3504 quem
1234 3424 1473 3497 dicunt,
1534 3422 1865 3493 relationis.
1913 3421 2013 3500 (cf.
2058 3426 2184 3483 not.
2230 3421 2555 3484 Schneide-

399 3522 551 3593 wini
598 3545 648 3584 a.
694 3527 754 3585 h.
799 3525 888 3604 1.).
951 3560 1026 3570 ·-
1097 3527 1376 3607 Denique
1423 3527 1492 3586 Ο.
1525 3526 1588 3587 O.
1628 3529 1823 3599 1445,
1884 3525 1992 3585 ubi
2034 3525 2416 3584 Hermannus
2477 3544 2556 3585 ex

397 3625 575 3687 libris
605 3627 990 3689 Triclinianis
1033 3629 1269 3709 recepit
1312 3623 1521 3727 κακόν,
1564 3616 1837 3688 melioris
1881 3634 2060 3687 notae
2105 3627 2337 3688 codices
2381 3647 2554 3705 prae-

399 3731 546 3789 bent
586 3730 807 3792 κακῶν.
854 3765 940 3776 -
984 3734 1044 3791 A
1087 3733 1382 3811 Sophocle
1424 3732 1617 3806 igitur
1660 3731 1927 3791 alienum
1972 3750 2100 3789 esse
2144 3729 2554 3790 accusativum

400 3831 785 3908 perspicitur.
878 3831 1078 3896 Quid?
1167 3833 1341 3897 Quod
1392 3853 1470 3891 ne
1515 3853 1670 3892 unus
1717 3831 1960 3912 quidem
2006 3832 2249 3891 omnino
2296 3830 2554 3909 scriptor

396 3937 575 3997 illum
616 3955 901 4013 umquam
930 3934 1224 3996 adhibuit.
1314 3933 1610 4000 Quocirca
1652 3939 1762 3993 aut
1802 3925 2092 4007 ἀνστήσας
2137 3938 2229 3992 est
2256 3932 2554 4011 recipien-

400 4042 544 4100 dum
602 4038 702 4116 (de
746 4056 1011 4117 apocope
1054 4037 1395 4115 Aeschylea
1450 4036 1593 4098 vide
1636 4036 1851 4096 Blomf.
1912 4037 1987 4095 ad
2031 4036 2195 4113 Sept.
2231 4036 2399 4113 740.)
2451 4040 2557 4095 aut

399 4142 560 4223 quod
602 4140 771 4200 dedit
811 4139 1119 4201 Victorius
1164 4132 1480 4224 ἀνστήσῃς.
1530 4174 1618 4184 --
1670 4132 1952 4218 πράσσειν
1999 4128 2083 4210 οἷς
2128 4157 2262 4201 cum
2307 4139 2553 4217 conjun-
