3017 4759
1282 217 1709 283 ...m-

590 378 1011 453 Holzweissig.
1057 380 1100 437 1.
1134 400 1182 437 0.
1215 400 1273 455 p.
1309 382 1422 436 36:
1469 376 1635 450 „Der
1664 373 1923 435 Genetiv
1953 370 2123 431 dient
2167 390 2275 431 zur
2304 372 2572 432 naheren

420 481 838 555 Bestimmung
882 480 1046 541 eines
1090 483 1356 541 Nomens
1401 513 1486 523 -—-
1530 480 1722 537 durch
1766 476 2185 537 Combination
2219 475 2451 537 -zweier
2497 496 2574 535 zu

422 585 646 645 einer
690 590 1113 645 concreten
1155 584 1490 643 Einheit
1535 584 1660 654 des
1706 581 2171 658 Begriffes.“
2216 614 2299 623 ——

592 686 655 763 α)
703 687 935 751 Quibus
978 688 1317 766 profligatis
1364 688 1793 747 collustrantur
1827 684 2105 762 primum,
2152 683 2376 764 quippe
2422 704 2574 764 quae

419 793 522 853 vel
565 790 825 850 maxime
869 792 989 851 huc
1035 791 1335 870 spectent,
1389 788 2126 851 circumlocutioneS.
2213 788 2327 847 His
2371 793 2573 852 tamen

422 893 817 955 substantivis
848 894 1374 974 circumloquendo
1403 891 1879 954 inservientibus
1895 937 1910 965 ,
1958 910 2210 970 quorum
2240 893 2363 968 jam
2395 912 2575 968 supra

419 997 640 1073 passim
697 995 1116 1059 inchoavimus
1160 997 1531 1056 mentionem
1548 1043 1563 1069 ,
1623 981 1745 1054 alia
1802 994 2094 1074 quaedam
2153 999 2294 1054 sunt
2352 995 2573 1054 adscri-

419 1101 644 1173 benda,
689 1121 841 1179 quae
885 1103 1002 1160 hoc
1043 1100 1175 1179 ipso
1219 1103 1351 1160 loco
1400 1100 1625 1179 optime
1655 1100 2057 1178 proferentur.
2107 1131 2185 1141 ·—-
2230 1100 2572 1177 Antequam

420 1208 621 1262 autem
663 1203 1038 1280 trajectionis
1083 1202 1613 1264 circumlocutione
1671 1203 1917 1262 effectae
1976 1201 2234 1260 excitem
2280 1202 2574 1278 exempla,

418 1309 911 1366 memorabuntur
939 1305 1059 1366 loci
1097 1305 1163 1380 ii,
1209 1307 1426 1386 quibus
1457 1305 1851 1383 adjectivum,
1899 1304 2172 1384 quamvis
2202 1296 2573 1380 trajectionis

418 1410 612 1485 figura
672 1429 805 1468 cum
860 1409 1146 1487 primario
1192 1410 1435 1469 nomine
1495 1410 1577 1469 sit
1619 1410 1962 1489 copulatum
1981 1454 1998 1482 ,
2064 1408 2327 1484 ejusdem
2368 1410 2572 1466 tamen

422 1517 515 1573 est
574 1512 813 1588 generis
874 1515 1041 1589 cujus
1102 1513 1440 1588 genetivus.
1530 1514 1638 1573 Oh.
1689 1518 1841 1571 886:
1906 1503 2210 1585 φίλτατ’
2270 1508 2572 1589 Αἰγίσθου

416 1613 523 1691 βία
565 1615 790 1695 (Schol.
822 1617 906 1674 M.
952 1609 1083 1673 ἀντὶ
1136 1616 1243 1674 τοῦ
1301 1602 1350 1674 ὦ
1393 1614 1679 1695 Αἴγισθε)
1728 1617 1801 1675 cf.
1848 1637 1906 1693 p.
1945 1619 2041 1674 15.
2105 1648 2188 1661 --
2249 1616 2364 1689 Ag.
2414 1618 2570 1673 295:

420 1710 644 1796 φλογός
687 1714 871 1797 μέγαν
916 1711 1174 1796 πώγωνα
1219 1753 1302 1762 -
1349 1714 1769 1798 φλέγουσαν
1815 1720 1888 1778 cf.
1935 1740 1993 1796 p.
2031 1721 2127 1777 18.
2174 1750 2257 1762 --
2302 1717 2383 1776 ib.
2419 1716 2572 1776 739:

417 1814 654 1899 θράσος
696 1819 968 1896 μελαίνας
1011 1855 1093 1865 --
1140 1813 1318 1893 ἄτας,
1368 1818 1770 1899 εἰδομέναν
1813 1823 2083 1880 τοκεῦσιν
2132 1814 2385 1899 (θράσος
2428 1812 2574 1889 ὅίτας

417 1952 504 1975 ==
547 1926 802 2003 θρασεῖα
847 1915 958 1982 &a
1003 1945 1061 1984 v.
1108 1946 1166 2003 p.
1206 1924 1328 2002 18).
1374 1961 1457 1970 --
1502 1925 1770 1984 Maxime
1817 1930 1909 1984 est
1934 1925 2219 1985 idoneum
2264 1926 2422 2004 quod
2466 1946 2571 2002 po-

419 2032 601 2089 natur
657 2028 820 2105 Sept.
870 2033 1023 2087 288:
1089 2030 1262 2085 ποῖον
1323 2021 1385 2085 δ’
1452 2019 1798 2103 ἀμείψεσθε
1843 2029 2014 2107 γαίας
2075 2024 2259 2086 πέδον
2297 2025 2307 2103 Ι
2347 2023 2563 2084 τοῖσδ’

420 2122 649 2210 ὄρειον,
712 2130 818 2191 ubi
861 2129 1031 2209 γαίας
1092 2151 1225 2190 cum
1271 2126 1456 2189 πέδον
1515 2136 1636 2191 tam
1693 2136 1855 2191 arcte
1902 2133 2211 2204 cohaeret,
2276 2136 2345 2190 ut
2400 2132 2571 2210 quasi

422 2233 496 2292 ad
538 2213 854 2294 libidinem
899 2252 1121 2308 genera
1164 2238 1469 2311 permutet
1527 2239 1722 2312 poeta.
1809 2235 1945 2293 Etsi
2006 2234 2167 2293 enim
2211 2226 2414 2310 ἄρειον
2471 2256 2571 2309 ge-

425 2336 584 2395 neris
643 2342 737 2396 est
778 2336 1052 2396 neutrius
1114 2334 1270 2395 sicut
1328 2332 1535 2408 πέδον,
1598 2337 1916 2412 genetivus
1975 2342 2176 2396 tamen
2234 2328 2407 2394 τᾶσδ’
2449 2358 2571 2396 11011

426 2458 609 2512 genus
667 2442 853 2500 habet
909 2438 1169 2498 nominis
1214 2435 1401 2498 πέδον
1464 2441 1569 2499 sed
1613 2440 1882 2515 genetivi
1939 2438 2127 2519 γαίας.
2217 2440 2414 2499 Schol.
2461 2442 2569 2498 14:

423 2534 525 2599 έοὶν
567 2535 874 2619 ταύτην,
922 2540 1100 2619 φησὶ,
1148 2535 1281 2619 τήν
1324 2544 1459 2621 γῆν
1504 2541 1777 2623 προδῶτε
1816 2546 1941 2613 τοῖς
1983 2540 2303 2618 πολεμίοις,
2349 2540 2569 2601 ποίαν

419 2642 787 2721 βελτίονα
833 2637 1077 2721 αὐτῆς
1120 2637 1425 2723 εὖρήσετες
1470 2680 1555 2690 -

486 2783 493 2794 ·
591 2750 706 2808 Sed
742 2752 866 2826 jam
906 2752 1070 2808 ultra
1110 2749 1615 2827 progrediendum
1661 2750 1805 2824 erit,
1854 2750 2204 2810 ordiendum
2249 2753 2448 2809 autem
2493 2754 2568 2810 ab

420 2851 871 2910 enumeratione
906 2852 1438 2924 substantivorum,
1484 2853 1687 2932 qualia
1718 2859 1858 2913 sunt
1888 2849 2090 2926 πέδον,
2137 2840 2349 2922 οὖδας,
2398 2845 2567 2923 πλάξ,

418 2947 594 3013 τόποι
623 2959 735 3014 etc.
824 2955 992 3013 Haec
1048 2954 1208 3013 enim
1250 2954 1547 3032 imprimis
1593 2957 1752 3033 apud
1792 2958 2164 3035 Aeschylum
2211 2978 2345 3015 cum
2389 2977 2569 3029 gene-

416 3058 544 3119 tivo
589 3059 677 3117 ita
718 3058 951 3117 faciunt
993 3057 1406 3137 periphrasin,
1453 3063 1523 3117 ut
1564 3080 1687 3118 una
1727 3060 1870 3119 inde
1916 3059 2146 3118 oriatur
2187 3060 2374 3119 notio.

594 3165 647 3221 1.
694 3157 949 3221 πέδον.
1042 3164 1142 3221 Pr.
1186 3165 1250 3220 1:
1313 3154 1537 3236 χθονός
1580 3195 1665 3204 —
1708 3154 2000 3240 τηλουρὸν
2040 3197 2103 3205 --
2171 3158 2356 3220 πέδον
2417 3182 2568 3241 quae

344 3299 356 3323 x
418 3267 606 3324 verba
650 3266 827 3342 plane
870 3265 1032 3324 idem
1073 3263 1347 3324 indicant
1389 3268 1569 3344 atque
1599 3256 1887 3342 τηλουρδν
1922 3257 2114 3341 χθόνα
2135 3284 2147 3297 ·
2193 3256 2361 3340 χθών
2408 3264 2568 3324 0111111

418 3387 541 3425 11011
603 3371 696 3425 est
753 3366 953 3439 „orbis
1011 3371 1344 3426 terrarum“
1407 3368 1510 3426 sed
1554 3370 1792 3441 ‚,terra“
1853 3369 1925 3428 cf.
1971 3359 2258 3445 τηλουρὸν
2317 3369 2427 3447 γῆν
2481 3367 2565 3427 11).

423 3472 563 3528 805.
612 3503 691 3512 —
727 3469 888 3546 Sept.
923 3475 1075 3532 288:
1122 3473 1356 3546 ποῖον
1390 3461 1450 3527 δ’
1482 3461 1815 3546 ἀμείψεσθε
1846 3469 2074 3549 γαίας
2111 3467 2354 3530 πέδον
2389 3466 2560 3529 τᾶσδ’

417 3562 616 3651 ὂὶρειον
659 3572 759 3650 (cf.
807 3593 958 3652 quae
1003 3574 1205 3652 paullo
1253 3593 1432 3652 supra
1473 3577 1590 3635 hoc
1645 3576 1718 3633 de
1775 3575 1906 3636 loco
1950 3574 2434 3653 disputavimus).
2485 3609 2566 3618 —·-«

417 3676 535 3742 Suo
565 3676 755 3751 igitur
778 3679 915 3754 jure
945 3682 1348 3754 reposuerunt
1375 3677 1890 3738 Weckleinius
1935 3681 2034 3737 Pr.
2072 3679 2225 3737 827:
2272 3669 2567 3736 Μολοσσοὶ

417 3781 554 3857 γῆς
597 3774 786 3835 πέδα
832 3780 944 3851 (Μ.
979 3772 1231 3851 δάπεδα)
1278 3783 1339 3837 et
1373 3780 1712 3839 Krusius
1758 3780 1966 3859 Suppl.
1997 3784 2151 3839 303:
2199 3772 2401 3856 Λιβύη
2446 3776 2565 3855 μέ-

416 3897 683 3960 γιστον
740 3882 875 3958 γῆς
929 3876 1172 3939 πέδον
1219 3878 1607 3959 καρπουμένη
1654 3883 1978 3960 (Porsonus
2016 3885 2323 3956 lacunam,
2387 3904 2565 3964 quam

419 3984 683 4044 ostendit
724 3986 807 4044 M.
853 3982 1018 4042 inter
1061 3978 1333 4060 μέγιστον
1379 3988 1441 4042 et
1474 3980 1879 4062 καρπουμένη,
1926 4005 2073 4046 voce
2119 3976 2309 4059 ὄνομα
2357 3988 2563 4064 exple-

418 4086 633 4165 verat).
679 4122 761 4132 -
817 4073 1041 4147 Contra
1083 4085 1447 4164 adjectivum
1488 4087 1762 4162 legitime
1804 4109 1926 4147 non
1967 4087 2200 4147 nomini
2240 4089 2563 4168 principali
