3017 4759
2337 6 2346 13 ²
2391 8 2400 17 ·
2470 0 2616 35 *fni
2991 0 2999 25 Ὶ

2439 36 2468 59 ἢ*
2529 48 2544 59 .-
2587 0 2982 131 ..W

2617 70 2628 77 ..
2713 70 2752 91 ¹2·

2719 108 2728 119 ἐ
2783 120 2792 129 Ι

2737 142 2750 161 ⁶.
2769 142 2782 149 -
2851 138 2860 147 .

1333 285 1761 352 -78-

643 431 732 517 ἄμ
747 435 827 515 φί
839 438 1097 513 ζευκτο
1114 459 1160 510 ς.
1250 441 1418 500 Pers.
1471 443 1625 498 130:
1672 431 1779 498 τόν
1822 429 2219 514 ἀμφίζευκτον
2262 434 2629 521 ἐξαμείψας]

470 536 817 621 ἀμφοτέρας
846 533 1014 600 ἅλιον
1051 539 1061 622 Ι
1100 539 1307 620 πρῶνα
1337 533 1548 601 κοινὸν
1575 537 1728 611 αἴας.
1819 540 2184 601 Scholiastes
2216 543 2332 601 M.:
2380 539 2484 620 qui
2528 542 2633 600 ad-

469 648 671 704 notat:
718 635 823 702 τὸν
867 636 1295 719 ἆμφίζευκτον;
1355 635 1459 703 τὸν
1503 635 1921 722 ζευγνύντα
1965 634 2151 718 ἄμφω
2195 635 2303 713 τοὶς
2344 634 2634 722 ἠπείρους

470 739 513 823 ἢ
555 739 940 825 ζευγνύμενον
985 740 1044 815 ἐξ
1077 738 1328 820 ἀμφοῖν.
1420 738 1458 821 ἢ
1500 738 1605 804 τόν
1636 736 2104 822 ὖποζευχθέντα·
2150 737 2338 821 βατὸν
2367 737 2479 824 γάρ
2525 737 2633 805 αὖ·

473 843 576 908 τόν
609 846 883 924 ἐποίησεν
927 839 964 907 o‘
995 842 1216 924 Ξέρξης
1247 847 1555 925 optionem
1588 847 1850 923 largitur
1892 847 2056 907 inter
2085 846 2348 907 activam
2393 851 2455 906 et
2495 867 2632 924 pas·
2971 831 2999 881 (ἶ

473 951 668 1014 sivam
712 949 1231 1024 significationem.
1317 949 1543 1013 Active
1601 969 1749 1013 vero
1808 948 1860 1009 si
1904 948 2235 1026 accipiatur
2277 951 2393 1009 hoc
2438 949 2631 1024 adjec-

472 1054 667 1114 tivum
682 1098 698 1127 ,
743 1051 1093 1127 genetivum
1123 1044 1473 1130 ἀμφοτέρας
1506 1048 1644 1122 αῗας
1670 1050 1911 1111 facilius
1943 1052 2135 1110 multo
2179 1054 2254 1111 ab
2297 1051 2407 1110 illo
2454 1071 2632 1130 quam

471 1159 546 1217 ab
593 1153 890 1231 adjectivo
937 1147 1143 1224 κοινός
1185 1154 1503 1234 suspendi,
1563 1153 1641 1213 iis
1699 1173 1809 1229 ego
1866 1152 1973 1233 qui
2017 1157 2251 1213 attento
2296 1152 2495 1213 animo
2541 1173 2632 1213 se-

474 1257 599 1318 cuti
645 1261 787 1318 sunt
827 1259 986 1316 hanc
1028 1261 1296 1316 nostram
1340 1256 1842 1335 disputationem,
1886 1276 2011 1315 non
2055 1256 2230 1314 modo
2278 1255 2632 1315 confirmare

475 1362 581 1421 sed
626 1359 809 1420 etiam
841 1360 1203 1437 persuadere
1246 1359 1401 1418 mihi
1433 1359 1665 1420 videor.
1755 1358 1924 1417 Conf.
1961 1359 2128 1418 Pers.
2164 1357 2320 1417 727:
2367 1353 2635 1436 γέφυραν

473 1466 612 1542 γαῖν
656 1461 835 1521 δυαῖν
895 1460 1366 1539 ζευκτηρίαν,
1427 1461 1538 1522 ubi
1581 1462 1780 1521 Schol.
1815 1460 1900 1520 M.
1948 1461 2227 1520 adnotat.
2292 1452 2397 1518 τόν
2438 1451 2634 1534 Ἑλλή-

475 1581 733 1624 σποντον
775 1583 844 1633 ος
870 1556 1173 1642 ζεύγνυσιν
1194 1556 1404 1622 Ἀσίαν
1445 1559 1547 1621 καὶ
1579 1556 1915 1641 Εὐρώπην.
2004 1561 2468 1623 Nominavimus
2488 1562 2631 1703 adj.

473 1660 813 1745 ζευκτήριος
858 1684 1039 1742 supra
1081 1686 1139 1744 p.
1174 1669 1274 1724 65.

645 1769 685 1827 J
686 1789 782 1828 am
824 1767 1036 1830 videre
1093 1772 1154 1826 te
1213 1771 1358 1845 puto
1420 1785 1538 1846 quo
1589 1767 1851 1826 tendam.
1938 1766 2229 1826 Redimus
2272 1767 2516 1827 tandem
2559 1766 2637 1824 ad

471 1873 695 1944 locum,
757 1892 791 1929 a
835 1889 952 1949 quo
998 1868 1224 1944 egressi
1280 1871 1524 1944 longam
1584 1871 1768 1929 telam
1811 1868 2139 1929 texuimus.
2183 1901 2268 1912 —-
2325 1868 2637 1946 Adjectivi

485 1974 676 2050 igitur
717 1992 1011 2045 κατοπτος
1039 1972 1246 2050 (Soph.
1279 1972 1350 2032 Ο.
1381 1972 1454 2031 R.
1488 1970 1643 2031 762:
1688 1963 1850 2031 τοῦδ’
1882 1991 2152 2041 αποπτος
2183 1963 2421 2041 αστεως.
2485 1971 2634 2031 Eur.

472 2079 622 2138 Hec.
659 2080 856 2136 1135:
901 2067 1172 2143 ὕποπτος
1217 2066 1301 2132 ὥν
1332 2066 1410 2150 δὴ
1449 2075 1721 2154 Τρωικῆς
1766 2066 2057 2143 ἇλοόσεως.
2127 2074 2316 2134 Τ11110.
2346 2075 2399 2147 Ι,
2432 2077 2532 2147 42,
2565 2078 2634 2133 2:

472 2177 592 2238 τῶν
637 2171 880 2238 πάντων
924 2168 1419 2256 ἆπερίοπτοι.
1510 2170 1783 2247 ὕποπτος
1826 2202 1912 2226 ---
1950 2174 2313 2255 suspiciosus
2356 2177 2410 2250 Ι,
2444 2175 2543 2250 75,
2574 2179 2635 2234 4.

472 2282 584 2356 IV,
620 2287 761 2355 103,
793 2285 851 2340 4.
897 2282 971 2354 V,
1019 2285 1117 2353 25,
1166 2279 1247 2358 2).
1301 2300 1378 2343 ne
1421 2301 1597 2359 posse
1642 2279 1884 2360 quidem
1939 2279 2054 2339 1100
2096 2279 2228 2338 1000
2275 2298 2405 2338 esse
2451 2276 2635 2353 signi-

473 2384 816 2444 ficationem
859 2382 982 2442 nisi
1025 2383 1285 2445 activam
1331 2381 1472 2463 quia
1502 2383 1648 2443 satis
1679 2388 1773 2444 est
1816 2401 2114 2462 superque
2145 2381 2638 2453 demonstratum,

477 2487 795 2562 genetivus
841 2486 1199 2564 Σαρωνικοῦ
1245 2486 1532 2562 πορθμοῦ
1576 2487 1788 2560 habet,
1844 2505 1961 2564 quo
2009 2483 2234 2561 optime
2281 2483 2636 2562 explicetur,

477 2591 851 2669 quadratque
894 2589 1014 2647 huc
1057 2591 1305 2665 perapte
1334 2587 1731 2665 Euripideum
1771 2587 1927 2646 illud
1969 2609 2005 2647 a
2048 2584 2506 2667 Schneidewino
2553 2582 2638 2642 ci-

475 2695 672 2750 tatum
714 2689 901 2767 Hipp.
934 2694 1048 2748 30:
1094 2685 1315 2768 πέτραν
1358 2684 1499 2768 παρ’
1553 2710 1741 2766 αυτην
1793 2681 2104 2759 Παλλάδος
2144 2679 2443 2757 κατόψιον
2480 2683 2490 2768 Ι
2528 2686 2641 2767 γῆς

477 2791 654 2870 τῆσδε
697 2784 846 2850 ναὸν
892 2782 1207 2868 Κυπριδος
1248 2786 1629 2871 ἔγκαθίσατο.

647 2893 712 2952 Si
768 2894 927 2952 forte
972 2892 1255 2968 contigit,
1315 2898 1416 2968 ut,
1479 2913 1633 2973 quae
1678 2893 1937 2974 amplius
1980 2891 2421 2972 disputavimus
2436 2936 2452 2964 ‚
2512 2911 2637 2950 non

477 2998 966 3076 improbarentur
979 3043 995 3072 ,
1057 2997 1360 3057 corollarii
1416 2999 1550 3057 loco
1597 2997 1891 3074 attingam
1937 3016 2173 3056 crucem
2232 2995 2403 3054 illam
2445 2993 2637 3052 inter-

478 3104 719 3179 pretum
763 3099 1211 3161 acerbissimam
1224 3146 1239 3176 ,
1295 3120 1449 3181 quae
1490 3102 1722 3177 largam
1763 3101 1911 3161 tulit
1955 3098 2307 3177 opinionum
2352 3100 2634 3171 segetem,

477 3204 644 3263 Pers.
678 3207 834 3263 464:
881 3199 1061 3282 ἕδραν
1091 3195 1203 3283 γὰρ
1250 3195 1362 3281 εἶχε
1391 3197 1615 3274 παντός
1654 3198 1841 3284 εὐαγῆ
1870 3202 2142 3282 στρατοῦ.
2188 3234 2273 3243 -
2315 3200 2638 3275 Ingentem

479 3306 899 3366 difficultatem
955 3306 1322 3384 adjectivum
1378 3299 1599 3386 εὐαγής
1640 3306 2018 3385 potissimum
2060 3300 2341 3383 praebuit
2396 3301 2473 3362 iis
2529 3300 2637 3381 qui

480 3409 804 3468 studebant
829 3409 981 3468 haec
1010 3412 1199 3471 verba
1229 3408 1516 3488 expedire
1548 3414 1611 3469 et
1640 3411 1976 3485 exsolvere.
2050 3405 2379 3466 EnimWro
2411 3404 2518 3463 He
2534 3424 2636 3462 m-

482 3509 946 3584 sterhusius,
993 3510 1098 3589 qui
1145 3504 1488 3591 enimv—7259
1526 3512 1708 3589 jussit
1734 3510 1996 3584 restitui,
2041 3513 2221 3588 atque
2263 3506 2636 3566 Herman-

479 3632 616 3672 nus
657 3610 955 3690 imprimis
987 3632 1346 3693 quamquam
1389 3615 1564 3675 docte
1611 3619 1673 3675 et
1701 3618 1900 3688 acute,
1948 3612 2095 3692 quid
2138 3607 2256 3671 sibi
2285 3608 2477 3668 vellet
2514 3608 2637 3669 ista

479 3736 638 3789 vox,
684 3714 1118 3794 quaesiverunt
1161 3718 1532 3795 (delegamus
1577 3738 1677 3778 eos
1722 3716 1827 3798 qui
1877 3717 1950 3779 de
1994 3716 2109 3774 hac
2151 3732 2218 3771 re
2262 3718 2481 3780 melius
2524 3736 2634 3780 vo-

477 3819 617 3878 lunt
671 3817 914 3878 institui
970 3819 1047 3878 ad
1091 3820 1427 3880 Hermanni
1484 3819 1972 3884 dissertationem
2028 3819 2119 3893 Π,
2176 3840 2235 3896 Ρ.
2269 3823 2634 3900 204-214)

480 3923 684 3978 tamen
744 3921 1076 3982 desiderari
1132 3923 1329 3983 adhuc
1386 3922 1851 4001 explicationem
1868 3967 1884 3995 ,
1948 3922 2018 3981 in
2081 3948 2198 4008 qua
2254 3929 2635 4010 acquiescere

482 4021 812 4097 possimus,
859 4023 1061 4104 quivis
1107 4029 1410 4087 concedet.
1471 4059 1554 4070 —-
1614 4024 1912 4105 Equidem
1954 4029 2486 4107 Hippocratis
2530 4030 2632 4108 (de

486 4144 764 4184 sanorum
821 4125 1020 4186 victus
1068 4128 1304 4188 ratione
1347 4130 1433 4203 ΙΙ,
1484 4125 1588 4204 11)
1633 4129 2018 4190 confirmatus
2062 4132 2267 4194 verbis
2309 4132 2512 4193 hisee:
2575 4128 2640 4190 οἱ
