3017 4759
1261 319 1689 383 -79-

399 467 465 531 δὲ
508 466 752 552 ὅρθριοι
805 470 1121 555 περίπατοι
1170 454 1566 550 ἶσχναίνουσι,
1630 470 1734 532 καὶ
1793 465 1867 532 τοὶ
1926 470 2064 552 περὶ
2119 467 2231 551 τήν
2290 466 2559 551 κεφαλὴν

398 567 606 650 κοῦφά
650 596 710 635 τε
747 572 850 635 καὶ
895 569 1182 655 εύαγέα
1225 573 1355 635 καὶ
1400 567 1678 652 εύήκοα
1719 570 2260 654 παρασκευάζουσι,
2304 572 2404 634 καὶ
2448 569 2558 653 τὴν

398 676 626 755 κοιλίην
667 671 916 737 λύουσιν
957 712 1042 722 -—-
1085 673 1449 753 κενουμένης
1499 673 1567 736 δὲ
1620 679 1728 754 τῆς
1768 679 2033 756 κεφαλῆς
2076 669 2556 757 ἆποκαθαίρεται

399 774 441 856 ἦ
473 801 536 840 τε
580 772 757 854 ὄψις
789 776 889 839 καὶ
921 773 965 857 ἦ
1006 771 1234 855 ἀκοή,
1280 776 1383 838 καὶ
1413 778 1708 858 γίγνονται
1746 775 2068 860 εὖαγέες
2110 777 2174 840 οἱ
2213 772 2556 860 ἅνθρωποι,

400 884 550 964 quin
592 883 793 945 activa
846 882 1036 943 fuerit
1091 880 1452 958 significatio
1507 903 1631 942 non
1682 882 1913 944 dubito.
2000 884 2316 944 Accedunt
2370 885 2555 942 adno-

396 986 549 1046 tatio
594 985 964 1046 Scholiastae
1009 987 1126 1045 M.:
1172 976 1485 1059 καθαράν,
1530 980 1999 1061 κεχωρισμένην·
2045 978 2087 1061 ἢ
2129 977 2557 1063 αὐγάζοντα

399 1086 496 1149 καὶ
543 1080 580 1148 o‘
591 1110 626 1166 ρ
644 1089 694 1148 ὦ
707 1109 844 1146 ντα
886 1086 1433 1166 interpretatioque
1475 1084 1805 1163 Hesychii:
1871 1080 2115 1166 εὖαγέςς
2178 1078 2399 1166 ἁγνόν,
2453 1108 2555 1146 κα-

397 1184 630 1270 θαρόν,
678 1185 948 1266 εὐσεβές,
1013 1182 1380 1260 εὕοπτον,
1441 1181 1642 1267 ἅγιον,
1707 1187 1760 1247 si
1803 1189 1979 1250 modo
2023 1188 2159 1248 fieri
2201 1194 2432 1268 potest,
2489 1195 2558 1249 ut

401 1287 655 1352 εὔοπτον
698 1292 984 1354 vocabuli
1043 1292 1250 1352 eadem
1305 1290 1388 1350 sit
1441 1290 1538 1352 vis
1598 1293 1779 1370 atque
1824 1311 2033 1351 eorum
2090 1311 2242 1371 quae
2303 1297 2556 1367 cognata

403 1401 573 1457 sunt:
631 1388 929 1464 κάτοπτος
969 1396 1085 1470 Ag.
1121 1399 1274 1467 294,
1338 1395 1505 1470 cujus
1549 1397 1827 1453 naturam
1872 1395 2249 1455 abundanter
2292 1394 2557 1454 excussi-

400 1520 562 1573 mus,
627 1491 902 1566 ὕποπτος
947 1497 1091 1556 Eur.
1138 1496 1288 1556 Hec.
1340 1498 1522 1555 1135.
1610 1486 1883 1565 ὅὶποπτος
1940 1497 2123 1573 Soph.
2172 1497 2242 1556 Ο.
2287 1497 2362 1557 R.
2412 1497 2554 1557 762.

398 1603 520 1660 τῶν
563 1593 806 1659 πάντων
864 1590 1334 1677 α’περίοπτοι
1384 1598 1573 1658 Thuc.
1604 1598 1658 1672 Ι,
1704 1602 1805 1657 41.
1851 1632 1937 1643 —-
1989 1598 2175 1664 -Quod
2219 1598 2271 1658 si
2311 1599 2403 1659 ita
2447 1604 2557 1672 est,

399 1705 452 1765 si
495 1702 794 1781 adjectivo
825 1691 1043 1780 εὐαγής
1071 1699 1270 1762 active
1299 1699 1461 1760 dicto
1492 1700 1591 1761 vis
1621 1703 1892 1777 subjecta
1920 1706 2037 1760 est:
2088 1702 2557 1780 ,‚prospiciens“,

401 1806 671 1883 genetivi
716 1797 938 1884 παντὸς
981 1803 1237 1883 στρατοῦ
1287 1801 1653 1879 explicatam
1705 1804 1998 1864 habemus
2042 1803 2403 1885 facilemque
2459 1824 2556 1864 ra-

399 1908 646 1968 tionem.

1409 2072 1547 2154 §2-

571 2218 764 2290 Pergo
808 2213 1217 2292 perstringere
1262 2211 1563 2288 adjectiva
1617 2232 1688 2271 ea
1747 2231 1899 2291 quae
1943 2213 2147 2275 verbis
2188 2215 2561 2292 respondent

403 2338 537 2377 cum
579 2316 790 2379 dativo
835 2314 1119 2393 conjungi
1163 2314 1358 2375 solitis

573 2409 847 2496 ύπήκοος
890 2396 1169 2497 (verbum
1213 2409 1544 2476 ύπακούειν
1596 2416 1839 2496 quidem
1883 2438 2180 2499 nusquam
2228 2419 2354 2494 legi
2400 2421 2558 2498 apud

399 2523 796 2602 Aeschylum)
850 2520 1201 2597 genetivum
1258 2518 1481 2597 recipit
1535 2521 1702 2578 Pers.
1737 2525 1888 2580 234:
1948 2523 2115 2580 πᾶσα
2172 2515 2282 2601 γοὶρ
2338 2514 2550 2601 γένοιτ’

401 2617 475 2683 ἂν
513 2616 714 2694 Ἑλλάς
768 2621 1055 2701 βασιλέως
1111 2614 1403 2701 ύπήκοος.
1494 2623 1603 2682 oh.
1640 2627 1794 2682 296:
1856 2621 2031 2682 δυοῖν
2075 2626 2383 2703 γυναικοῖν
2438 2611 2557 2683 οἷδ’

400 2718 712 2803 ύπηκόους
755 2721 965 2787 πέλειν.
1053 2725 1443 2788 substantive
1472 2725 1722 2788 videtur
1761 2745 1890 2785 esse
1926 2725 2155 2786 dictum
2198 2728 2366 2787 Pers.
2400 2732 2555 2788 242:

402 2821 638 2899 οὔτινος
680 2827 885 2889 δοῦλοι
926 2825 1237 2905 κέκληνται
1280 2821 1487 2904 φωτός
1531 2819 1671 2887 οὐδ’
1713 2818 1990 2904 ύπήκοοι.

570 2932 871 3011 Perquam
911 2930 1181 2991 difficilis
1209 2931 1619 2992 determinatu
1662 2938 1757 2993 est
1797 2932 2118 3008 genetivus
2164 2931 2270 3012 qui
2315 2931 2557 2994 additur

401 3033 732 3111 adjectivo:

569 3128 912 3208 ἄπιστος.
1002 3137 1165 3214 Sept.
1201 3139 1357 3195 854:
1426 3130 1496 3195 ἰοὶ
1548 3130 1620 3196 ἰοὶ
1665 3130 2036 3216 δύσφρονες,
2081 3135 2274 3211 φίλων
2315 3129 2555 3196 ἄπιστοι

397 3235 501 3298 καὶ
542 3240 747 3298 κακῶν
775 3232 1120 3318 ἀτρύμονες.
1209 3230 1497 3314 (ἀπιστεῖν
1541 3260 1675 3301 cum
1704 3239 1911 3300 dativo
1943 3237 2211 3299 cernitur
2252 3240 2352 3300 Pr,
2382 3241 2553 3318 639.)

398 3341 812 3403 Weckleinius
869 3341 960 3420 (in
1019 3342 1173 3402 stud.
1218 3343 1438 3402 Aesch.
1484 3363 1545 3421 p.
1579 3344 1686 3421 68)
1731 3343 1923 3417 φίλων
1981 3362 2103 3401 non
2156 3342 2553 3402 masculinum

398 3466 527 3507 esse
572 3446 677 3506 sed
706 3449 989 3506 neutrum
1023 3444 1301 3522 judicans
1330 3445 1727 3526 adferensque
1767 3447 1968 3505 locum
2001 3444 2266 3521 ejusdem
2309 3445 2550 3505 fabulae

396 3568 458 3610 v.
494 3552 691 3608 1014:
739 3540 877 3607 οὐδ’
929 3542 1276 3625 αἰσχύνομαι
1317 3543 1327 3629 1
1368 3540 1573 3624 ἔχουσ’
1604 3542 1858 3607 ἄπιστον
1893 3539 2070 3624 τήνδ’
2114 3537 2398 3624 ἀναρχίαν
2438 3541 2551 3605 πό-

394 3653 507 3724 λει,
554 3672 671 3732 quo
715 3649 956 3713 dativus
999 3649 1233 3728 positus
1280 3654 1398 3724 est,
1444 3654 1678 3712 mutato
1709 3643 1948 3710 ἄπιστοι
1990 3648 2055 3708 in
2088 3641 2355 3708 ὅπειστοι
2394 3651 2553 3710 hanc

397 3755 632 3831 profert
672 3754 1235 3831 interpretationem
1279 3755 1523 3827 „weder
1578 3755 1770 3814 durch
1820 3752 1919 3813 die
1959 3752 2161 3812 sanfte
2205 3742 2401 3810 πειθώ
2446 3752 2552 3810 des

399 3855 658 3914 Gliickes
673 3899 688 3927 ‚
748 3856 908 3915 noch
964 3856 1156 3914 durch
1213 3856 1313 3915 die
1369 3858 1561 3916 rauhe
1607 3855 1842 3916 Gewalt
1896 3855 2001 3915 des
2045 3854 2391 3929 Ungliickes
2449 3854 2558 3911 auf

396 3957 618 4016 andere
649 3956 1003 4031 Gesinnung
1042 3957 1389 4031 gebrachtf‘
1475 3959 1595 4017 Sed
1623 3957 1871 4017 minime
1914 3956 2014 4018 vir
2054 3957 2264 4016 doctus
2310 3959 2550 4016 senten-

394 4059 545 4119 tiam
589 4079 757 4119 suam
792 4058 947 4118 mihi
974 4058 1293 4138 persuasit.
1379 4059 1652 4119 Primum
1696 4057 1858 4119 enim
1900 4059 2139 4118 nullum
2180 4057 2417 4138 reperio
2460 4058 2551 4116 10-

396 4182 531 4223 cum
561 4183 679 4243 quo
710 4159 854 4239 φίλα
881 4183 1006 4227 vox
1033 4163 1219 4223 istum
1247 4163 1471 4223 habeat
1496 4150 1904 4237 intellectum3
1944 4160 2161 4221 deinde
2192 4159 2548 4223 Schuetzius
