3017 4759
56 0 141 38 {1
432 0 455 32 ἒ·

56 73 59 120 ῑ
280 81 301 108 ·-
470 83 479 96 *

266 127 275 138 Ι

182 209 203 224 fl

1252 317 1671 384 ...15-

1391 474 1530 553 54.

555 577 645 634 Ad
670 576 921 635 Homeri
954 577 1405 637 similitudinem
1428 584 1490 637 et
1519 578 1919 637 imitationem
1942 576 2248 654 adspirare
2268 578 2535 655 Aeschy-

381 678 505 736 lum
565 698 748 758 quum
792 678 996 737 multis
1055 682 1233 739 rebus
1292 686 1672 759 perspectum
1730 682 2018 738 habemus
2078 685 2204 738 tum
2258 701 2327 739 eo
2375 681 2532 758 quod

383 782 1091 859 substantiva-quaedam
1135 778 1356 860 (μένος,
1417 780 1537 858 βία,
1600 778 1816 851 σθένος
1860 783 1997 860 etc.)
2045 783 2357 870 conjungit
2402 803 2535 841 cum

382 885 659 958 genetivo
719 884 971 944 aliorum
1037 886 1581 959 substantivorum,
1649 885 1971 963 praecipue
2032 886 2339 944 nominum
2398 906 2534 963 pro·

379 986 663 1064 priorum,
711 1006 829 1066 qua
872 989 1108 1047 ratione
1153 1009 1222 1047 ea
1266 1008 1523 1066 persona
1569 988 1695 1048 sive
1738 1006 1854 1058 res,
1917 1006 2069 1067 quae
2115 988 2396 1062 genetivo
2443 993 2535 1047 est

381 1109 664 1168 expressa
683 1137 696 1162 ,
761 1110 872 1167 per
912 1090 1308 1152 laudatoriam
1354 1091 1651 1170 quandam
1697 1089 2283 1150 circumlocutionem
2326 1091 2535 1150 redda-

380 1197 495 1250 tur.
597 1192 712 1251 Sed
780 1213 961 1272 quum
1030 1194 1295 1271 ejusdem
1363 1192 1921 1252 circumlocutiones
1988 1193 2144 1269 apud
2206 1194 2534 1252 Homerum

379 1295 687 1354 definitam
747 1296 1010 1374 aliquam
1069 1299 1331 1356 habeant
1354 1369 1371 1376 ss
1391 1296 1731 1369 regionem,
1798 1296 1965 1371 cujus
2027 1295 2194 1374 quasi
2257 1296 2572 1383 terminis·

380 1404 583 1475 septae
642 1403 991 1472 teneantur,
1052 1400 1340 1458 terminos
1398 1399 1510 1457 hos
1555 1397 1774 1456 mirum
1834 1402 2125 1476 quantum
2177 1399 2536 1475 propagavit

378 1500 729 1578 Aeschylus.
835 1503 959 1560 Eae
1018 1506 1216 1561 autem
1280 1502 1645 1577 locutiones,
1714 1519 1861 1578 quas
1922 1500 2065 1580 quin
2129 1520 2204 1559 ex
2264 1500 2530 1559 Homero

379 1603 774 1679 desumpserit
816 1624 937 1662 non
982 1605 1225 1664 dubium
1273 1611 1379 1676 est,
1429 1622 1788 1683 quamquam
1830 1624 1905 1661 ne
1948 1603 2011 1661 in
2046 1603 2262 1662 ceteris
2295 1602 2533 1682 quidem

378 1705 597 1764 fabulis
643 1706 1088 1780 desiderantur,
1149 1707 1495 1784 saepissime
1550 1712 1748 1764 tamen
1795 1706 2180 1784 reperiuntur
2222 1706 2284 1762 in
2332 1705 2536 1764 fabula

378 1808 679 1868 Thebana.

547 1913 627 1969 Et
671 1910 926 1987 primum
973 1910 1212 1989 quidem
1258 1912 1523 1972 solennis
1568 1912 1633 1970 in
1678 1913 1794 1970 hoc
1839 1930 2059 1985 genere
2102 1911 2411 1988 usurpatio
2445 1916 2536 1971 est

377 2013 734 2073 substantivi

548 2113 670 2190 βία
715 2115 898 2195 (apud
943 2115 1273 2174 Homerum
1316 2116 1503 2177 vicies
1567 2115 1824 2176 inservit
1881 2114 2218 2175 istiusmodi
2281 2117 2534 2176 circum-

375 2218 707 2295 locutioni).
795 2218 957 2295 Sept.
1006 2223 1159 2277 431:
1221 2211 1379 2295 ἀνὴρ
1424 2251 1510 2263 —-
1556 2215 1754 2276 αἶ’θων
1810 2213 2080 2276 τέτακται
2133 2218 2288 2293 λῆμα
2345 2219 2534 2277 Uol-v·-

376 2314 607 2394 φόντου
653 2320 771 2397 βία.
860 2320 938 2379 ib.
974 2325 1126 2381 624:
1174 2314 1394 2378 τοιαῦτ’
1441 2314 1613 2378 ἀυτεῖ
1654 2353 1734 2364 --
1789 2318 2194 2389 Πολυνείκους
2237 2318 2358 2395 βία.
2450 2321 2528 2380 ib.

379 2428 533 2482 560:
590 2421 693 2482 καὶ
737 2415 842 2481 τόν
887 2415 993 2480 σόν
1038 2410 1222 2493 αὖθις
1265 2417 1616 2501 προσμόραν
1661 2416 1950 2496 ἀδελφεόν
1994 2456 2074 2467 --
2131 2421 2532 2493 Πολυνείκους

374 2523 513 2600 βίαν
556 2559 616 2567 --
658 2528 834 2583 καλεῖ.
903 2525 982 2584 ib.
1020 2530 1171 2585 522:
1213 2517 1431 2603 λέγοιμ’
1478 2519 1553 2583 ἂν
1591 2518 1779 2603 ἄνδρα
1824 2522 2314 2601 σωφρονέστατον
2345 2519 2531 2600 ὅλκήν

374 2619 421 2684 τ’
467 2621 724 2705 ἄριστον,
771 2620 1000 2701 μα’ντιν,
1043 2620 1382 2706 Ἀμφιάρεω
1429 2626 1583 2703 βίαν.
1654 2629 1736 2688 ib.
1774 2634 1926 2687 554:
1971 2622 2134 2703 βάζει
2178 2622 2364 2685 πολλοὶ
2420 2630 2528 2685 Τυ-

377 2726 527 2797 δέως
571 2727 723 2804 βίαν.
806 2732 886 2789 ib.
923 2736 1076 2789 603:
1123 2732 1314 2805 φῶτα,
1364 2727 1727 2801 Λασθένους
1769 2729 1927 2807 βίαν,
1976 2723 2378 2807 ἀντιτάξομεν,
2424 2732 2529 2790 ubi

376 2833 622 2891 adnotat
664 2833 858 2892 Schol.
906 2835 1020 2892 M.:
1079 2836 1562 2910 περιφραστικῶς
1615 2827 1721 2895 τόν
1769 2830 2058 2908 Λασθένη
2115 2828 2219 2893 τὸν
2265 2829 2523 2910 ἰσχυρόν.

378 2936 483 2994 Oh.
531 2935 650 2993 637
700 2954 808 3010 pro
855 2969 937 2980 -
984 2932 1286 3011 Αἰγίσθου
1332 2933 1454 2992 διαι
1500 2936 1884 2996 Hermannus
1932 2937 2191 3013 conjecit
2231 2971 2313 2981 —
2362 2934 2533 3014 Αἰγί-

379 3040 536 3095 σθου
582 3035 738 3113 βίαν.
830 3038 1105 3095 Ceterum
1165 3038 1237 3095 de
1296 3038 1481 3096 variis
1542 3040 1613 3096 ad
1671 3039 1832 3098 hunc
1877 3059 2114 3098 versum
2170 3039 2527 3112 excogitatis

378 3140 737 3216 conjecturis
782 3160 837 3199 v.
886 3141 1013 3216 ejus
1054 3139 1516 3197 adnotationem.
1585 3141 1907 3199 Praeterea
1949 3138 2113 3198 locus
2145 3140 2529 3214 dignissimus

312 3324 321 3335 ⁶
378 3249 469 3300 est
528 3263 703 3322 quem
761 3243 1134 3302 nominemus
1191 3241 1299 3300 Ch.
1347 3245 1500 3300 886:
1563 3236 1890 3315 τέθνηκας,
1956 3233 2179 3313 φίλτατ’
2224 3238 2528 3319 Αἰγίσθου

377 3342 497 3421 βία,
545 3364 682 3403 nam
726 3346 976 3422 perinde
1019 3364 1088 3405 ac
1132 3343 1178 3402 si
1229 3351 1516 3424 sequatur
1545 3364 1761 3403 nomen
1806 3345 2002 3423 ipsum
2047 3343 2380 3421 (masculini
2429 3365 2529 3418 ge-

380 3445 600 3524 neris),
661 3446 922 3507 afficitur
981 3448 1109 3523 ejus
1153 3468 1372 3522 genere
1416 3452 1544 3506 tota
1590 3447 2052 3507 circumlocutio.
2143 3446 2215 3505 In
2262 3447 2528 3522 margine

379 3549 600 3608 codicis
640 3550 722 3609 M.
767 3552 883 3610 hoc
928 3552 1198 3611 scholion
1245 3556 1365 3610 est:
1412 3546 1546 3608 ἀντὶ
1593 3551 1701 3607 τοῦ
1746 3537 1795 3607 αἶ
1842 3546 2098 3626 Αἴγισθε
2142 3570 2198 3609 v.
2243 3552 2409 3610 Pers.
2456 3553 2526 3609 ad

380 3654 520 3712 Eur.
567 3653 712 3712 Hec.
762 3659 902 3711 293.
976 3656 1152 3730 Apud
1200 3655 1529 3713 Homerum
1573 3653 1831 3732 quidem,
1877 3652 1989 3711 nisi
2037 3673 2181 3713 vero
2226 3654 2344 3712 huc
2387 3673 2524 3729 per·

380 3755 536 3813 tinet
575 3756 648 3813 11.
695 3756 812 3828 ΠΙ,
865 3761 1012 3816 105:
1059 3748 1219 3825 ἄξετε
1264 3750 1327 3813 δὲ
1382 3748 1678 3831 Πριάμοιο
1725 3752 1883 3829 βίην,
1930 3747 2067 3829 ὄφρ’
2114 3748 2287 3832 ὅρκια
2333 3748 2525 3836 τάμνῃ

382 3849 593 3928 αὐτός,
656 3877 774 3916 non
819 3859 1115 3934 adjectiva
1159 3857 1262 3916 sed
1304 3856 1626 3935 participia
1667 3861 1902 3915 tautum
1960 3858 2022 3915 iu
2082 3856 2242 3915 hunc
2287 3857 2526 3915 modum

382 3960 640 4018 nominis
683 3960 913 4039 proprii
958 3979 1145 4033 genus
1186 3958 1625 4035 adsciscunt1).

520 4179 572 4246 1)
607 4182 668 4229 cf.
704 4180 759 4230 C.
799 4178 1246 4242 Weidenkaff‚
1284 4179 1454 4243 Progr.
1491 4178 1744 4242 Viteberg.
1782 4193 1948 4241 gymn.
1987 4181 2135 4242 1870,
2172 4196 2284 4242 pag.
2314 4184 2358 4229 3.
