3017 4759
1344 311 1770 377 ...48-

487 471 812 544 exaggerat
857 468 1020 548 Sept.
1057 473 1208 528 8333
1255 459 1486 527 πόνοι
1530 460 1793 526 πόνων
1836 458 2042 543 δόμων
2072 461 2351 541 ἐφέστιοι.
2426 466 2639 545 Suppl.

491 572 647 631 507:
709 562 887 641 ἅναξ
947 562 1313 629 ἀνάκτων
1357 562 1647 648 μακάρων
1692 562 2025 648 μακάρτατε
2072 602 2150 614 -
2198 565 2299 628 καὶ
2360 565 2642 627 τελέων

485 666 956 734 τελειότατον
1013 665 1247 748 κράτος.
1335 673 1502 732 Pers.
1554 675 1712 732 661:
1773 667 2032 731 δέσποτα
2089 670 2417 744 δεσποτᾶν,
2480 672 2642 751 quod

484 775 820 838 rectissime
863 773 1135 834 restituit
1179 773 1529 834 Dindorfius
1573 794 1683 852 pro
1730 773 1951 833 codicis
1997 767 2312 834 δεσπότου.

657 877 858 956 (Quod
901 875 1123 936 attinet
1166 878 1239 936 ad
1284 897 1472 951 genus
1519 878 1864 937 conferatur
1905 877 2092 938 velim
2146 877 2326 936 etiam
2370 878 2535 935 Pers.
2574 878 2601 933 1
2626 897 2670 946 :⁴

497 976 694 1041 Τάδε
740 974 844 1054 μὲν
900 978 1144 1055 Περσῶν
1197 980 1312 1037 τῶν
1356 974 1682 1056 οἰχομένων
1719 977 1731 1061 1
1782 1013 1864 1023 --
1909 972 2143 1038 πιστά
2190 981 2464 1038 καλεῖται.
2554 977 2640 1039 ib.

492 1091 643 1145 842:
689 1076 762 1139 οὔ
796 1074 906 1161 γάρ
951 1073 1022 1139 τοὶ
1054 1071 1289 1154 φίλτατ’
1327 1077 1390 1139 ἐν
1421 1084 1629 1150 κακοῖς
1659 1074 2047 1161 προδώσομεν
2089 1082 2305 1141 Blomf.
2342 1081 2519 1157 gloss.
2565 1080 2643 1139 ad

489 1190 654 1247 Pers.
701 1206 762 1247 v.
799 1184 880 1261 1.)
924 1217 1009 1227 —-

660 1288 776 1347 Sed
818 1292 889 1346 ut
927 1291 1305 1348 revertamur
1360 1286 1435 1345 ad
1479 1286 1881 1364 propositum,
1942 1289 2285 1366 exemplum
2332 1286 2497 1346 aliud
2540 1306 2642 1360 gc-

489 1384 684 1453 netivi
729 1388 1008 1469 partitivi
1054 1408 1129 1446 ex
1175 1388 1460 1464 adjectivi
1503 1394 1720 1448 neutro
1766 1391 1893 1469 apti
1936 1390 2300 1468 interpretes
2346 1395 2408 1448 et
2450 1388 2643 1448 edito-

488 1514 585 1553 res
644 1494 988 1551 statuebant
1030 1494 1141 1565 Ag.
1182 1490 1376 1550 1567:
1433 1486 1685 1568 ἔθρυπτ’
1739 1483 1980 1551 ἄνωθεν
2024 1486 2332 1569 ἀνδρακάς
2375 1483 2645 1565 καθήμε-

491 1617 610 1664 νος.
679 1585 933 1668 ἄσημα
979 1586 1035 1651 δ’
1089 1585 1337 1651 αὐτῶν
1383 1584 1574 1651 αὐτίκ’
1616 1588 1831 1676 ἀγνοίᾳ
1875 1588 2074 1670 λαβών
2117 1601 2229 1655 etc.
2277 1594 2644 1670 (Klausenus

490 1697 722 1759 reddit:
769 1696 1100 1769 „nonnulla
1143 1715 1219 1753 ex
1262 1693 1370 1768 iis,
1418 1715 1572 1774 quae
1606 1695 1773 1780 millo
1806 1696 1976 1771 signo
2008 1698 2251 1773 agnosci
2281 1694 2644 1775 poterant“).

491 1801 718 1860 Verum
761 1796 1075 1871 ingeniosa
1119 1817 1259 1855 sane
1307 1799 1650 1873 conjectura
1693 1799 1936 1878 scripsit
1977 1799 2359 1861 Dindorfius:

665 1893 920 1978 ἔθρυπτ’
972 1892 1213 1957 ἄνωθεν
1271 1892 1581 1975 ἀνδρακάς
1636 1895 1990 1982 καθήμενος
2033 1893 2175 1978 ἄση
2190 1894 2289 1979 μ’·
2352 1894 2387 1957 ὃ
2431 1896 2484 1960 δ’
2537 1893 2646 1959 αὖ·

492 2006 611 2064 τῶν
656 1993 858 2061 αὐτίκ’
903 1993 1113 2082 άγνοίᾳ
1157 1994 1355 2077 λαβών
1401 1998 1566 2061 ἔσθει
1602 1996 1794 2081 βοράν
1838 1996 2082 2063 ι’ἱσωτον.
2131 2038 2212 2049 -
2259 2004 2646 2062 Hermannus

493 2105 808 2173 Dindorfio
854 2103 1255 2182 adstipulatus
1300 2123 1513 2166 versus
1557 2110 1759 2166 tamen
1805 2105 2106 2186 expressit
2148 2107 2266 2166 ita:

667 2200 909 2287 ἕκρυπτ’
961 2197 1203 2266 ὅῖνωθεν
1265 2197 1566 2283 ἀνδρακάς
1623 2207 1993 2285 καθημένοις
2035 2201 2212 2285 ἄσημ’
2244 2228 2257 2242 ·
2320 2200 2355 2265 3
2414 2200 2475 2265 δ’
2539 2198 2646 2262 αὖ-

492 2314 613 2372 τῶν
643 2316 756 2373 etc.
801 2345 884 2357 --

668 2412 731 2492 β)
775 2415 963 2473 Plane
1007 2412 1318 2472 dissimilis
1361 2413 1574 2473 modus
1619 2419 1712 2474 est
1754 2413 1825 2487 is,
1875 2433 1991 2493 quo
2036 2419 2318 2474 neutrum
2364 2411 2652 2490 adjectivi

492 2495 631 2577 ‘cum
679 2516 962 2592 genetivo
1008 2514 1298 2591 partitivo
1358 2514 1447 2573 ita
1492 2516 1898 2588 consociatur,
1962 2519 2032 2575 u't
2089 2516 2246 2576 nihil
2306 2513 2652 2594 partitionis

501 2620 582 2679 sit
609 2618 1081 2691 intellegendum
1112 2616 1213 2694 (cf.
1246 2603 1426 2693 Soph}
1458 2619 1604 2676 Ant.
1636 2622 1831 2676 1209:
1876 2610 2076 2694 ἄσημα
2107 2616 2274 2695 βοῆς.
2342 2618 2424 2679 ib.
2455 2620 2652 2676 1265:

501 2714 724 2794 ἄνολβα
769 2701 1207 2794 βουλευμάτων.
1282 2706 1496 2777 Trach.
1537 2719 1684 2778 117:
1729 2713 1940 2796 βιότου
1970 2715 2361 2801 πολύπονον).
2441 2721 2653 2795 Cujus-

498 2823 660 2883 modi
717 2822 993 2899 exempla
1049 2821 1208 2899 apud
1249 2823 1621 2900 Aeschylum
1677 2823 1985 2883 rarissima
2040 2830 2208 2887 sunt:
2272 2826 2447 2884 Eum.
2497 2827 2652 2881 660:

501 2923 583 2995 εἰς
627 2918 692 2984 τὸ
739 2925 860 2982 πᾶν
902 2917 1140 3003 χρόνον.
1228 2924 1454 2983 Eodem
1514 2946 1692 2988 sensu
1749 2927 1907 2986 nude
1952 2928 2214 3005 positum
2258 2928 2532 2990 videmus
2592 2920 2655 2993 ἐς

499 3023 565 3087 τό
613 3029 764 3087 πᾶνε
823 3028 1089 3105 Ohoeph.
1124 3032 1266 3086 665.
1312 3028 1484 3087 Eum.
1523 3033 1620 3103 83,
1668 3028 1810 3089 397.
1861 3029 2001 3089 873.
2052 3033 2233 3090 1020.
2300 3028 2653 3108 [‚‚omnino“

502 3131 804 3207 significat
831 3165 912 3173 —-
946 3132 1142 3190 Schol.
1168 3132 1258 3190 M.
1297 3131 1372 3189 ad
1401 3133 1575 3191 Eum.
1610 3137 1730 3192 530
1765 3134 2216 3202 καθολικῶς
2247 3166 2328 3176 ·--
2358 3135 2473 3207 Ag.
2507 3136 2652 3190 660.

501 3236 607 3294 Oh.
643 3239 784 3294 932.
829 3234 1002 3294 Eum.
1041 3238 1139 3293 52.
1185 3234 1266 3294 ib.
1300 3234 1454 3294 198?
1499 3225 1634 3312 (εἷς
1665 3234 2034 3314 Cantems.)]
2078 3268 2163 3278 —-
2205 3235 2340 3295 Uno
2372 3238 2482 3294 sub
2514 3253 2653 3294 con-

501 3342 712 3415 spectu
755 3341 1058 3413 ponantur
1100 3335 1318 3396 deinde
1361 3337 1481 3396 loci
1527 3338 1644 3396 duo
1687 3337 2037 3398 difficillimi
2080 3338 2399 3398 emendatu
2442 3338 2654 3415 Suppl.

505 3439 659 3498 731:
720 3429 862 3498 οὐδὲ
904 3431 1214 3513 πισμάτων
1257 3436 1556 3516 σωτηρίου
1594 3436 1604 3519 Ι
1645 3435 1705 3508 ἐς
1747 3441 1859 3518 γῆν
1904 3437 2185 3519 ἐνεγκεῖν,
2231 3441 2332 3501 Sic
2373 3441 2457 3499 M.
2547 3439 2654 3500 Vi-

502 3541 758 3600 ctorius:
804 3532 1159 3615 πεισμάτων.
1222 3538 1570 3601 Turnebus:
1613 3534 1924 3614 πισμάτων
1950 3541 2226 3622 σωτηρία.
2292 3544 2656 3603 Herman-

501 3663 637 3702 nus
683 3664 761 3704 ex
806 3642 1179 3718 Scaligeri
1224 3631 1641 3704 emendatione
1682 3644 1927 3722 scripsit
1954 3639 2216 3724 σωτήρια
2261 3647 2477 3707 collato
2508 3647 2655 3704 Eur.

501 3747 599 3806 Tr.
629 3751 776 3805 810:
823 3736 1055 3804 ναύδετ’
1091 3738 1369 3821 ἀνήψατο
1401 3748 1698 3825 πρυμνᾶν,
1744 3766 2104 3827 quamquam
2132 3753 2370 3828 poetam
2400 3751 2655 3808 fortasse

502 3848 818 3926 πείσματος
851 3846 1136 3928 σωτηρίου
1169 3847 1478 3927 scripsisse
1523 3852 1768 3911 fatetur.
1813 3885 1897 3895 —-
1942 3851 2237 3932 Equidem
2268 3850 2515 3911 lectioni
2560 3849 2656 3908 illi

505 3973 539 4008 a
582 3952 884 4028 Scaligero
947 3957 1009 4012 et
1050 3954 1398 4012 Hermanno
1454 3957 1871 4033 comprobatae
1916 3955 2141 4034 (Schol.
2173 3956 2290 4014 M.:
2356 3945 2487 4012 άντὶ
2547 3954 2658 4011 τοῦ

504 4052 860 4128 πείσματα
907 4050 1252 4134 σωτήρια)
1295 4058 1493 4116 lucem
1527 4056 1807 4117 existimo
1839 4057 2063 4117 adferri
2092 4059 2225 4116 loco
2262 4057 2451 4116 altero
2498 4075 2657 4115 com-

504 4160 741 4230 parato,
802 4157 905 4235 qui
961 4179 1084 4217 non
1141 4159 1339 4217 minus
1383 4158 1614 4234 negotii
1656 4159 1970 4222 facessivit
2012 4159 2164 4221 viris
2206 4158 2425 4218 doctis:
2490 4159 2656 4235 Sept.
