3017 4759
1224 318 1697 386 -109-

554 466 641 551 ἄμ
658 495 741 551 νη
755 476 970 552 μονῶ.
1041 476 1332 536 Absolute
1378 480 1611 535 tantum
1656 479 1982 554 usurpatur
2026 477 2195 536 Eum.
2230 480 2342 537 24:
2389 471 2543 557 Βρό-

381 597 515 654 μιος
559 574 669 654 ἔχει
714 573 823 636 τόν
864 579 1059 656 χῶρον
1104 571 1236 637 οὐδ’
1282 572 1627 654 ἀμνημονῶ.

552 680 652 759 (de
696 681 1092 742 substantivis
1137 673 1361 757 μνήμη,
1410 681 1634 757 μνῆμα,
1680 678 1967 757 μνημείου
2010 702 2067 742 v.
2114 699 2249 758 pag.
2286 680 2384 742 37.
2469 682 2541 740 de

381 782 694 859 adjectivis
739 776 1013 860 μνήμων,
1059 776 1333 863 μνήστωρ
1382 788 1491 843 etc.
1539 783 1679 844 vide
1722 802 1858 861 pag.
1896 783 2022 860 81.)

555 881 1070 960 ἐνθυμοῦμαι.
1159 887 1322 945 Loco
1367 885 1844 947 invenitur-uno
1892 906 2084 966 eoque
2128 905 2259 946 cum
2305 906 2543 946 accusa·
2607 884 2608 887 ’

379 989 508 1049 tivo
553 988 826 1047 neutrius
870 989 1241 1066 pronominis
1279 990 1558 1065 junctum
1600 990 1774 1048 Eum.
1811 994 1963 1049 2203
2009 981 2080 1045 τοὶ
2125 983 2230 1065 μὲν
2261 981 2372 1068 γάρ
2404 980 2543 1048 οἶδα

383 1083 575 1169 κάρτα
596 1078 662 1148 ’σ’
694 1086 1169 1168 ἐνθυμουμένην.
1237 1092 1449 1170 Neque
1494 1091 1653 1169 apud
1696 1092 2103 1151 Homerum
2146 1110 2341 1171 neque
2386 1094 2541 1170 apud

380 1191 827 1271 Sophoclem
871 1213 1124 1274 usquam
1167 1195 1288 1270 legi
1330 1195 1446 1255 hoc
1490 1197 1741 1257 verbum
1783 1194 2063 1254 idoneum
2108 1201 2201 1255 est
2260 1195 2416 1275 quod
2476 1195 2541 1253 in

379 1295 640 1355 transitu
685 1315 967 1357 commem
975 1301 1194 1358 oretur.

551 1400 753 1461 Verba
797 1399 1368 1462 obliviscendi:

550 1494 1051 1579 λανθάνομαι.
1155 1505 1302 1564 Cum
1363 1502 1645 1579 genetivo
1703 1501 1797 1563 rei
1856 1502 2076 1563 dicitur
2127 1503 2333 1582 Suppl.
2382 1503 2541 1565 6973

383 1593 568 1679 ἀλκῆς
613 1601 914 1665 λαθέσθαι
958 1588 1156 1683 τῆσδε,
1202 1606 1474 1667 absolute
1519 1607 1623 1666 ch.
1673 1611 1826 1665 6633
1871 1603 2162 1683 μηδαμῶς
2205 1601 2386 1691 λάθῃ.

555 1700 914 1784 λήθομαι.
1003 1708 1199 1770 Semel
1255 1709 1559 1789 reperitur
1618 1710 1749 1769 sine
1794 1709 2073 1784 genetivo
2118 1710 2379 1786 positum
2429 1712 2539 1784 Ag.

256 1896 273 1901 μ
387 1815 500 1870 393
548 1804 619 1868 οὗ
666 1813 934 1887 μαθοῦσι
979 1803 1262 1889 λήθομαι.
1351 1813 1517 1891 (vide
1561 1812 2009 1873 adnotationem
2054 1812 2543 1889 Schneidewini.)

1425 2018 1492 2077 B.

865 2115 1108 2169 Verba
1144 2117 1457 2170 curandi
1497 2120 1570 2169 et
1604 2117 2061 2184 neglegendi.

554 2217 742 2298 μέλω
787 2226 862 2281 et
903 2217 1240 2298 μέλομαι.

550 2325 767 2385 Forma
810 2325 1009 2388 activa
1053 2321 1238 2402 μέλω
1284 2325 1507 2386 dicitur
1707 2395 1710 2398 y

554 2429 612 2507 a)
657 2428 1056 2505 personaliter
1123 2427 1187 2506 α)
1232 2428 1306 2486 de
1372 2448 1441 2488 eo
1516 2428 1617 2508 qui
1686 2429 1873 2488 habet
1938 2449 2157 2489 curam.
2260 2430 2545 2510 Sequitur

383 2528 698 2603 genetivus
741 2549 1035 2608 personae
1079 2533 1193 2606 Ag.
1241 2531 1362 2591 357
1382 2553 1396 2591 3
1458 2524 1573 2589 οὐκ
1617 2527 1736 2605 ἔφα
1779 2552 1867 2601 τις
1910 2524 2095 2602 θεοὺς
2138 2529 2373 2611 βροτῶν
2419 2526 2541 2604 ἄξι-

382 2632 610 2691 οῦσθαι
653 2629 876 2709 μέλειν,
936 2635 1095 2714 quod
1158 2633 1498 2711 exemplum
1542 2635 1927 2693 Hermannus
1986 2634 2265 2695 adhibuit
2318 2637 2391 2696 ad
2437 2658 2541 2696 ex-

382 2736 725 2814 plicandum
768 2739 952 2814 Soph.
983 2738 1075 2797 El.
1112 2744 1233 2797 342
1282 2739 1382 2814 (cf.
1428 2737 1523 2797 Ai.
1560 2739 1728 2816 689).
1818 2739 2115 2799 Homerus
2158 2738 2543 2816 participium

381 2839 636 2914 perfecti
698 2834 972 2915 μεμηλώς
1035 2841 1199 2901 hunc
1262 2840 1326 2898 in
1392 2841 1631 2900 modum
1699 2841 1995 2901 construit
2060 2862 2193 2901 cum
2260 2842 2540 2917 genetivo

381 2928 456 3001 11.
491 2941 563 3017 V,
611 2941 754 3001 708.
809 2942 992 3016 ΧΠΙ,
1039 2941 1181 3005 297.-
1233 2942 1317 3002 ib.
1350 2948 1509 3002 469..
1542 2978 1621 2988 -
1667 2942 1730 3021 β)
1777 2945 1851 3003 ᾱο
1894 2964 1979 3018 re,
2026 2964 2178 3024 quae
2223 2945 2402 3004 alicui
2451 2951 2544 3004 est

385 3063 580 3104 curae.
647 3046 932 3120 Persona,
979 3045 1075 3104 cui
1122 3046 1267 3126 quid
1313 3065 1490 3107 curae
1537 3052 1645 3122 est,
1690 3047 1939 3124 ponitur
1979 3046 2045 3106 in
2091 3047 2292 3109 dativo
2338 3049 2437 3109 Pr.
2474 3053 2540 3108 33

383 3143 478 3207 σοὶ
539 3142 603 3208 δὲ
657 3140 770 3227 χρὴ
830 3143 1024 3224 μέλειν
1083 3141 1410 3218 ἐπιστολάς.
1515 3149 1790 3229 Reliquis
1848 3149 1998 3209 locis
2058 3151 2393 3228 subjectum
2450 3156 2542 3210 est

383 3255 666 3311 neutrum
709 3251 1083 3328 pronominis
1128 3252 1501 3315 substantive
1533 3253 1759 3313 dictum
1787 3253 1948 3330 Sept.
1987 3255 2137 3312 182:
2183 3249 2339 3330 μέλει
2368 3246 2539 3333 ἆνδρὶ

383 3387 468 3397 —-
524 3345 809 3424 τᾶξωθεν.
898 3356 1009 3430 Ag.
1059 3359 1211 3416 5633
1272 3349 1485 3431 δόμοις
1546 3350 1611 3414 δὲ
1670 3357 1856 3414 ταῦτα
1912 3353 2020 3415 καὶ
2080 3347 2541 3439 Κλυταιμήστρᾳ

387 3451 595 3532 μέλειν.

556 3560 620 3639 b)
664 3560 1304 3638 impersonaliter
1361 3561 1425 3640 α)
1471 3582 1605 3623 oum
1650 3563 1853 3626 dativo
1912 3583 2232 3641 personae,
2295 3563 2390 3623 cui
2433 3564 2541 3623 ali-

387 3663 532 3743 quid
575 3683 753 3724 curae
797 3668 914 3738 est,
960 3668 1020 3723 et
1066 3665 1344 3739 genetivo
1388 3665 1478 3725 rei
1526 3665 1623 3727 vel
1667 3685 1988 3744 personae:
2044 3668 2141 3727 Pr.
2190 3670 2346 3727 9373
2407 3661 2542 3743 ἐμοὶ

386 3758 438 3823 δ’
481 3762 728 3826 ἔλασσον
780 3758 978 3843 Ζηνός
1020 3759 1062 3843 ἢ
1105 3762 1291 3846 μηδὲν
1318 3765 1507 3844 μέλει.
1579 3773 1690 3843 Ag.
1728 3775 1882 3830 9383
1927 3766 2088 3846 μέλοι
2136 3765 2203 3828 δέ
2246 3766 2398 3849 [τοι]
2441 3766 2541 3828 σοὶ

384 3869 614 3947 τῶνπερ
659 3860 743 3926 ἄν·
777 3865 989 3953 μέλλῃς
1032 3872 1229 3929 τελεῖν.
1299 3872 1406 3932 ch„
1439 3851 1600 3931 9383
1643 3857 1691 3954 ᾧ
1723 3868 1878 3950 μέλει
1925 3871 2298 3952 κρυπταδίου
2330 3866 2538 3950 μάχας.

386 3967 451 4048 β)
496 3990 630 4030 cum
672 3973 1120 4051 praepositione
1165 3972 1300 4051 περί
1342 3974 1415 4033 ad
1462 3975 1811 4050 genetivum
1869 3978 2189 4036 accedente
2235 3976 2338 4037 ch.
2387 3977 2541 4037 7613

385 4070 541 4151 μέλει
588 4076 821 4135 θεοῖσιν
866 4061 1063 4155 ὦνπερ
1111 4068 1186 4134 ἄν
1216 4071 1363 4159 μέλῃ
1394 4074 1550 4155 περί.
1621 4077 1681 4158 γ)
1728 4097 1862 4137 cum
1903 4078 2207 4140 infinitivo
2242 4083 2351 4154 Ag.
2388 4079 2539 4140 547:

384 4169 451 4236 τὸ
509 4168 726 4255 μήποτ’
783 4163 971 4247 αὖθις
1028 4171 1165 4255 μηδ’
1225 4172 1551 4259 ἀναστῆναι
1610 4175 1817 4257 μέλειν.
1916 4181 1999 4241 ib.
2054 4185 2249 4242 12043
2308 4184 2432 4253 τοῖς
2486 4172 2540 4241 δ’
