3017 4759
1301 304 1834 376 -61-·

1478 641 1562 717 H.

796 794 922 863 De
989 795 1445 884 genetivo
1513 796 2225 888 praedicativo.

605 979 878 1056 Excepto
923 982 1088 1044 Pers.
1118 987 1292 1045 ,4212
1353 984 1518 1041 πᾶσα
1573 983 1721 1052 ναῦς
1774 977 2084 1062 ἠρέσσετο,
2145 975 2390 1062 ὅσαιπερ
2433 968 2591 1059 ἦσαν

436 1074 752 1161 βαρβάρου
796 1076 1259 1162 στρατεύματος,
1320 1086 1423 1145 ubi
1482 1088 1644 1146 haud
1703 1086 1825 1145 scio
1887 1105 1962 1145 an
2018 1086 2341 1165 partitivus
2386 1086 2586 1164 potius

440 1183 521 1242 sit
549 1186 861 1245 habendus
906 1188 1220 1261 genetivus
1251 1186 1423 1268 βαρβ.
1456 1204 1652 1268 στρατ.
1698 1190 2016 1267 (gehiirten
2047 1221 2132 1232 —-
2161 1208 2237 1246 zu
2266 1186 2375 1264 ——)
2411 1208 2588 1267 quam

438 1289 824 1363 possessivus,
873 1291 1186 1364 genetivus
1231 1293 1601 1369 possessivus
1647 1291 1808 1350 solus
1853 1294 1927 1351 ab
1973 1290 2271 1368 Aeschylo
2317 1292 2403 1350 ita
2447 1311 2587 1350 con-

433 1391 710 1467 jungitur
753 1412 885 1451 cum
919 1395 1310 1454 substantivis
1352 1395 1765 1454 intercedente
1795 1395 1979 1454 verbo
2012 1395 2386 1455 substantivo
2419 1385 2588 1465 εἶναι,

440 1499 507 1552 ut
550 1496 1014 1571 praedicamenti
1062 1498 1331 1558 obtineat
1372 1499 1588 1561 locum.
1659 1496 1830 1573 (Gen.
1863 1497 2145 1557 materiae
2177 1502 2237 1556 et
2284 1496 2588 1576 qualitatis

438 1618 561 1656 non
606 1599 883 1675 usurpari
927 1602 1334 1679 praedicative
1378 1601 1847 1676 significavimus
1890 1620 2025 1678 pag.
2057 1599 2183 1678 44).

609 1702 668 1778 a)
713 1702 1057 1779 Subjectum
1106 1711 1197 1765 est
1242 1705 1682 1765 substantivum
1729 1707 1839 1779 Ag.
1873 1709 2029 1762 256:
2083 1700 2301 1780 Τροίαν
2340 1694 2589 1778 Ἀχαιοῖν

439 1791 641 1862 οὖσαν.
711 1805 914 1883 Suppl.
952 1812 1102 1868 565:
1147 1806 1433 1883 φυσίζοόν
1477 1803 1648 1886 γένος
1684 1799 1821 1865 τόδε
1858 1804 1868 1888 1
1914 1797 2111 1882 Ζηνός
2142 1802 2295 1865 ἐστιν
2326 1796 2586 1880 άληθῶς.

436 1940 521 1948 -
565 1907 985 1985 Aptissimum,
1033 1912 1106 1969 ad
1154 1912 1310 1990 quod
1354 1911 1619 1970 animum
1661 1911 2041 1970 advertamus
2057 1955 2072 1982 ‚
2123 1908 2346 1984 legitur
2389 1929 2587 1968 exem-

435 2011 604 2128 plum
648 2012 817 2072 Eum.
852 2012 1009 2072 728·
1055 2006 1245 2092 μήτηρ
1291 2008 1401 2093 γάρ
1449 2035 1619 2084 ουτις
1661 2007 1907 2074 ἔσσὶν“
1864 2035 1904 2089 η
1950 2004 2008 2089 μ’
2053 2009 2329 2090 ἐγείνατο.
2372 2009 2382 2092 Ι
2420 2003 2486 2069 td
2534 2001 2586 2067 δ’

437 2105 614 2191 άρσεν
659 2109 808 2172 αἰνῶ
851 2106 1059 2189 πάντα,
1106 2110 1262 2194 πλὴν
1304 2114 1502 2194 γάμου
1544 2120 1737 2194 τυχεῖν
1773 2114 1785 2197 Ι
1824 2135 2041 2174 απαντι
2086 2115 2289 2195 θυμῷ,
2345 2107 2586 2192 κάρτα

437 2207 490 2273 δ’
535 2212 680 2292 εἰμὶ
725 2218 852 2274 τοῦ
897 2212 1230 2297 πατρός,
1235 2209 1322 2293 ,ut
1349 2222 1558 2297 Eurip.
1589 2221 1808 2280 Electr.
1856 2239 1912 2280 v.
1952 2223 2146 2278 1102:
2191 2213 2253 2276 οἷ
2294 2211 2401 2292 μέν
2439 2212 2587 2274 εἰσιν

438 2311 721 2397 ἀρσένων,
771 2317 834 2379 οἱ
859 2313 911 2379 δ’
941 2344 1019 2380 αυ
1049 2325 1290 2397 φιλοῦσι
1319 2318 1575 2402 μητέρας
1605 2324 1822 2397 μᾶλλον
1860 2313 2102 2399 πατρός.
2168 2321 2436 2399 „Estque
2469 2319 2587 2378 ele-

443 2441 584 2495 gans
625 2424 742 2482 iste
785 2444 928 2482 usus
974 2426 1083 2482 τοῦ
1126 2416 1276 2486 εἶναι
1321 2432 1381 2486 ct
1426 2423 1735 2505 γίγνεσθαί
1778 2444 1937 2493 τινος
1980 2443 2089 2500 pro
2133 2422 2448 2497 „teneri
2506 2441 2588 2482 ac

441 2526 775 2586 deditum
822 2531 1030 2587 esse“
1073 2525 1310 2605 ἔχεσθαι
1355 2530 1464 2588 τοῦ
1512 2536 1613 2588 aut
1660 2523 1894 2586 ἑλέσθαι
1938 2520 2110 2585 τινά“
2157 2525 2541 2585 Abreschius.

605 2631 785 2688 Modo
830 2632 1118 2708 peculiari
1180 2634 1494 2710 genetivus
1555 2631 1928 2710 pronominis
1974 2630 2308 2709 personalis
2352 2628 2586 2707 praedi-

439 2732 631 2793 cative
692 2734 938 2810 ponitur
980 2738 1151 2796 Eum.
1202 2743 1353 2797 895:
1411 2736 1653 2796 τοιαῦτα
1715 2726 1917 2793 σοῦστι
1963 2734 2070 2812 (M.
2116 2735 2299 2793 habet
2342 2732 2587 2791 τοιαῦτα

439 2835 549 2892 σοῦ
605 2827 755 2913 ’στι).
842 2839 1065 2899 Contra
1125 2841 1444 2916 possessivi
1503 2838 1874 2919 pronominis
1935 2843 2257 2897 occurrunt
2313 2834 2587 2912 exempla
2659 2866 2676 2881 ‹-

439 2935 647 3014 Suppl.
678 2938 829 3000 785:
875 2933 982 2999 σὸν
1026 2933 1079 3000 δ’
1122 2939 1343 3002 ἐπίπαν
1386 2936 1564 3021 ζυγόν
1602 2940 1613 3026 l
1649 2934 1958 3000 ταλάντου.
2036 2942 2208 2999 Eum.
2244 2940 2396 2998 724:
2441 2929 2587 3013 ἐμόν

438 3030 563 3097 τόδ’
604 3036 792 3119 ἔργον.
823 3077 908 3088 -

607 3145 919 3206 Interdum
961 3151 1211 3210 verbum
1272 3148 1713 3208 substantivum
1771 3152 1864 3207 est
1904 3144 2373 3218 intellegendum
2418 3144 2583 3203 Pers.

442 3251 594 3307 204:
666 3245 941 3323 δαίμοσιν
999 3286 1084 3294 —-
1148 3237 1232 3310 ὧν
1293 3248 1428 3326 τέλη
1481 3243 1642 3310 τάδε.
1732 3249 1894 3327 Sept.
1945 3253 2008 3307 4:
2076 3243 2131 3305 εἰ
2182 3241 2289 3322 μὲν
2345 3237 2456 3324 γάρ
2518 3230 2587 3302 εὖ

439 3340 788 3427 πράξαιμεν,
836 3348 1035 3411 αἰτία
1079 3355 1283 3413 θεοῦ.
1373 3355 1481 3414 Oh.
1521 3356 1673 3411 462:
1718 3352 1883 3410 θεῶν
1927 3348 2103 3432 [τῶν]
2151 3341 2299 3407 κατά
2345 3348 2453 3426 γᾶς
2495 3338 2587 3405 ὅδ’

439 3444 644 3527 ὕμνος.
735 3455 956 3528 „wiva
999 3449 1070 3514 τά
1114 3449 1347 3539 ᾄσματα
1398 3458 1525 3526 τοῖς
1568 3447 1718 3514 κατά
1761 3456 1873 3536 γῆς
1914 3455 2086 3522 θεοῖς
2127 3446 2423 3530 πρέπει»
2482 3446 2585 3509 καὶ

440 3549 514 3613 οὗ
574 3557 701 3625 τοῖς
757 3551 1102 3637 οὗρανίοις“
1159 3561 1356 3620 Schol.
1403 3562 1483 3618 M.
1593 3561 1791 3618 Eum.
1839 3552 2018 3615 572':
2084 3547 2292 3630 ὑμῶν
2355 3543 2391 3612 ὅ
2449 3553 2584 3628 μῦ-

437 3661 605 3728 θος·
668 3652 882 3739 εἰσάγω
936 3657 1001 3721 δὲ
1058 3656 1166 3739 τήν
1225 3662 1412 3740 δίκην.
1499 3663 1593 3722 ib.
1646 3664 1877 3721 1020:
1936 3652 2263 3717 σπονδαὶ
2315 3647 2366 3712 δ’
2413 3651 2474 3723 ἐς
2516 3648 2582 3713 τό

439 3764 561 3819 πᾶν
618 3759 882 3833 ἔνδαιδες
941 3762 1170 3824 οἴκων
1223 3764 1232 3847 Ι
1290 3758 1605 3833 Παλλάδος
1664 3755 1894 3835 άστοῖς,
1959 3781 2109 3841 quae
2155 3761 2349 3845 ⁸verba
2400 3758 2587 3819 vertit

440 3867 851 3926 Hermannus:
895 3868 1061 3940 „Pax
1103 3868 1169 3926 in
1215 3887 1387 3926 omne
1432 3873 1667 3943 tempus
1713 3886 1845 3925 cum
1886 3866 2111 3924 lumine
2157 3863 2461 3923 taedarum
2505 3861 2585 3919 in

442 3969 748 4028 sedibus
794 3967 1159 4050 (Furiarum)
1203 3969 1463 4028 Palladis
1509 3969 1798 4031 civibus.“
1874 3964 2060 4026 οἴκων
2101 3965 2287 4041 igitur
2330 3985 2438 4042 pro
2484 3984 2584 4039 ge-

438 4073 643 4135 netivo
689 4072 1091 4150 praedicativo
1131 4072 1541 4150 accipiendum
1574 4091 1702 4131 esse
1745 4071 1959 4131 amisso
1992 4070 2177 4130 verbo
2209 4069 2582 4129 substantivo

440 4177 617 4235 facile
673 4176 1063 4250 intellegitur.
1167 4175 1388 4254 (Schol.
1433 4176 1547 4235 M.:
1622 4177 1729 4250 τῆς
1788 4165 2112 4252 εὐπραγίας
2169 4162 2209 4247 ἡ
2269 4168 2427 4229 αἰτία
2486 4164 2582 4227 ἐπὶ
