3017 4759
418 456 527 534 sub
566 452 768 529 judice
813 459 906 513 est
953 453 1029 512 lis
1074 455 1146 513 de
1191 456 1301 528 Ag.
1350 458 1463 513 49:
1524 446 1633 513 οἵτ’
1677 451 1980 524 ἐκπατίοις
2030 450 2042 535 Ι
2094 445 2285 533 ἄλγεσι
2332 449 2565 511 παίδων

419 563 480 614 et
539 556 682 615 ibid.
735 560 844 616 53:
909 550 1261 634 δεμνιοτήρη
1301 554 1310 636 Ι
1349 550 1537 615 πόνον
1582 550 1904 635 ὀρταλίχων
1949 550 2267 626 ὀλέσαντες.
2337 557 2564 614 Locum

416 658 678 736 priorem
721 658 1021 733 intellegit
1058 658 1255 718 Schol.
1299 681 1417 720 rec.
1463 662 1625 719 hunc
1668 660 1733 719 in
1778 662 2047 718 modum:
2091 654 2228 717 δέον
2272 653 2335 717 δὲ
2379 654 2566 715 εἰπεῖν

416 758 709 820 έκπατίων
766 759 1001 820 παίδων
1060 758 1363 832 ἐκπατίοις
1421 753 1549 820 εἶπε
1616 754 1767 841 πρός
1828 753 1893 820 τό
1950 752 2164 840 ἄλγεσι.
2270 760 2564 840 Equidem

417 884 773 944 quamquam
831 884 959 923 rem
1003 864 1416 925 difficillimam
1461 886 1556 924 me
1600 886 1723 924 non
1768 885 1943 943 posse
1990 864 2248 923 enodare
2305 862 2567 921 libenter

414 969 624 1041 fateor,
672 967 1033 1044 adjectivum
1076 973 1277 1027 tamen
1310 964 1611 1037 ἐκπατίοις
1640 969 1713 1026 ad
1757 968 1954 1046 ipsum
1996 968 2251 1026 referam
2296 965 2565 1026 dativum

413 1061 624 1150 ὀίλγεσι.
704 1070 901 1130 Schol.
935 1072 1049 1130 M.:
1094 1073 1218 1140 τοῖς
1263 1067 1372 1142 ἔξω
1419 1071 1525 1146 τῆς
1569 1063 1736 1129 ὀδοῦ.
1810 1072 2102 1148 Hesych.:
2150 1060 2451 1140 ἐκπάτιον,
2496 1060 2563 1126 vd

415 1171 525 1244 ἔξω
571 1165 782 1232 πάτου.
863 1173 1353 1235 Schneidewinus
1397 1174 1596 1233 reddit
1637 1174 1973 1246 ‚,enormis“
2018 1173 2329 1232 conferens
2371 1170 2563 1249 intpp.

415 1276 588 1350 Greg,
636 1278 768 1336 Gor.
815 1297 873 1353 p.
908 1281 1045 1334 566.
1128 1278 1338 1355 Neque
1384 1277 1577 1336 secius
1619 1276 1749 1336 loco
1795 1277 2143 1354 posteriore,
2188 1275 2292 1334 ubi
2337 1271 2564 1350 δεμνιο-

413 1371 562 1457 τήρη
595 1381 668 1438 ad
700 1379 1043 1454 genetivum
1073 1380 1462 1456 repetendum
1508 1400 1636 1440 esse
1667 1385 1840 1458 putat
1868 1379 2277 1458 Hesychius
2309 1375 2565 1455 (δεμνιο-

414 1474 563 1561 τήρη
623 1475 826 1541 πόνον.
919 1475 1212 1559 Αἰσχύλος
1263 1474 1684 1561 Ἀγαμέμνονι,
1744 1475 2015 1542 καθόσον
2076 1480 2137 1542 οἷ
2186 1474 2421 1540 νεοσσοὶ
2480 1474 2567 1536 ἔτι

413 1584 674 1643 τοιοῦτοί
717 1581 862 1643 εἰσιν
908 1576 990 1654 οἷς
1033 1577 1105 1642 τά
1149 1581 1357 1662 δέμνια
1400 1589 1600 1664 τηρεῖν
1641 1581 1744 1643 καὶ
1786 1581 2068 1661 κατέχειν,
2114 1579 2361 1660 μηδέπω
2400 1575 2563 1639 πέτε-

417 1691 564 1745 σθαι
596 1680 935 1763 δυνάμενοι.
1006 1680 1199 1746 πόνον
1242 1682 1306 1746 δὲ
1349 1681 1422 1746 τοὶ
1466 1685 1603 1767 περὶ
1644 1679 1755 1764 τὴν
1783 1680 2016 1766 τροφὴν
2046 1678 2271 1763 αὐτῶν)
2312 1686 2377 1743 in
2408 1685 2563 1744 Her-

411 1791 617 1849 manni
660 1795 899 1849 transeo
947 1790 1335 1849 sententiam:
1396 1786 1830 1868 »δεμνιοτήρης
1874 1781 2063 1857 πόνος
2107 1781 2428 1866 ὀρταλίχων
2473 1792 2566 1846 est

415 1893 935 1971 cubiliprema
981 1912 1164 1952 cura
1203 1893 1588 1971 pullorum
1645 1893 1772 1954 sive
1814 1894 2017 1966 labor,
2064 1912 2242 1972 quem
2284 1898 2563 1970 parentes

409 1997 590 2073 pullis
653 1997 990 2056 incubando
1055 1997 1525 2056 sustinuerunt.“
1630 1996 1899 2061 Quacum
1962 1995 2361 2073 explicatione
2425 2016 2562 2054 con-

412 2101 611 2159 cinere
654 2100 940 2160 videntur
981 2100 1165 2160 verba
1206 2100 1403 2169 Schol.
1451 2101 1563 2161 M.:
1608 2091 1913 2169 ὀλέσαντες
1958 2093 2017 2156 δὲ
2064 2090 2167 2156 τόν
2212 2091 2401 2156 πόνον
2444 2098 2565 2156 τῶν

411 2195 748 2280 ὀρταλίχων,
793 2194 898 2260 τόν
941 2198 1006 2260 έν
1051 2205 1174 2271 τοῖς
1221 2199 1478 2278 δεμνίοις
1522 2196 1906 2280 τηρούμενον.

583 2304 888 2378 Ceterum,
946 2310 1014 2364 ut
1057 2307 1173 2364 hoc
1216 2306 1442 2378 addam,
1488 2305 1938 2383 pronomina.
1981 2303 2184 2365 traicit
2230 2303 2561 2381 Aeschylus

411 2428 686 2483 perraro:
740 2411 905 2468 Pers.
954 2413 1107 2468 604:
1166 2406 1328 2467 τοία
1374 2409 1576 2466 κακῶν
1621 2403 1890 2483 ἔκπληξις
1937 2404 2187 2482 ἐκφοβεῖ
2227 2401 2447 2482 φρένας
2475 2433 2562 2456 -—-=

410 2508 586 2568 τοίων
632 2512 836 2569 κακῶν
880 2507 1170 2587 ἔκπληξις.
1202 2546 1286 2555 ——
1319 2512 1417 2588 (de
1461 2513 1627 2570 Pers,
1663 2510 1816 2569 743:
1863 2501 2049 2578 πολύς
2081 2501 2339 2566 πλούτου
2372 2501 2560 2578 πόνος

412 2610 422 2693 Ι
471 2605 657 2688 οὑμός
716 2616 942 2688 egimus
1002 2635 1056 2689 p.
1111 2613 1229 2691 17).
1278 2647 1359 2655 —-—
1419 2615 1620 2672 Prom.
1670 2617 1788 2671 112
1848 2612 2004 2671 liber
2045 2612 2351 2670 Mediceus
2410 2612 2560 2670 haec

411 2718 595 2777 verba
655 2716 903 2776 exhibet
961 2716 1213 2793 scripta:
1272 2708 1569 2773 τοιάσδε
1615 2707 1826 2783 ποινάς
1872 2705 2357 2790 ἀμπλακημάτων
2400 2712 2559 2773 τίνω.

411 2819 846 2892 Weckleinius,
895 2839 1069 2899 quem
1115 2823 1350 2877 secutus
1397 2824 1490 2876 est
1533 2818 1974 2891 Kirchhoffius,
2031 2818 2361 2896 adsumpsit
2419 2838 2559 2877 con-

401 2924 697 2997 jecturam
725 2922 1128 2982 Stanleianam
1173 2941 1209 2979 a
1237 2921 1522 2980 Schiitzio
1570 2922 2012 2999 comprobatam
2059 2919 2378 2980 τοιῶνδε
2424 2922 2554 2981 coll.

411 3029 508 3085 Pr.
560 3026 711 3085 557:
772 3017 929 3095 τίνος
991 3015 1322 3101 α’μπλακίας
1380 3017 1596 3092 ποινάς
1654 3016 1829 3106 ὀλέκῃ
1890 3028 1952 3082 et
2010 3029 2162 3084 619:
2224 3016 2436 3093 ποινάς
2494 3019 2559 3083 δὲ

412 3127 601 3187 ποίων
660 3118 1148 3205 άμπλακημάτων
1203 3125 1397 3197 τίνεις.
1484 3130 1569 3185 At
1627 3127 1791 3185 nulla
1851 3148 1999 3204 opus
2059 3132 2150 3186 est
2206 3126 2555 3186 mutatione.

409 3234 663 3293 Prorsus
709 3233 870 3292 enim
914 3234 1118 3291 eadem
1161 3230 1395 3290 ratione
1441 3229 1668 3288 dictum
1712 3235 1802 3288 est
1832 3231 1936 3289 ch.
1970 3236 2080 3288 40:
2131 3221 2360 3287 τοιάνδε
2387 3224 2558 3308 χάριν

409 3326 687 3412 άχάριτον
746 3329 1097 3413 ἀπότροπον
1154 3335 1388 3405 κακῶν,
1452 3352 1810 3412 quamquam
1867 3352 1943 3391 ne
1999 3353 2067 3392 eo
2130 3333 2368 3412 quidem
2423 3334 2555 3392 loco

412 3436 631 3495 codicis
677 3438 1032 3515 scripturam
1061 3437 1434 3496 retinendam
1465 3455 1594 3494 esse
1626 3435 1738 3494 sibi
1785 3443 2209 3512 persuaserunt
2239 3435 2556 3495 Schiitzius

410 3538 707 3616 (τοιῶνδε)
753 3545 814 3598 et
842 3539 1095 3599 Bothius
1139 3536 1393 3617 (τοῖνδε).
1434 3569 1507 3578 —
1558 3537 1709 3596 Mihi
1759 3537 1996 3616 quidem
2040 3537 2189 3597 illud
2234 3541 2398 3599 Pers.
2433 3546 2555 3598 604

411 3647 471 3700 et
527 3644 643 3701 hoc
686 3643 792 3705 oh.
843 3649 919 3701 40
965 3641 1254 3714 intuenti,
1318 3640 1460 3720 quin
1506 3634 1742 3699 τοιάσδε
1786 3659 1930 3700 vera
1985 3640 2062 3699 sit
2116 3641 2324 3715 lectio,
2384 3649 2557 3703 extra

411 3766 645 3804 omnem
689 3745 878 3804 aleam
924 3745 1313 3805 dubitationis
1358 3744 1617 3804 videtur*
1643 3765 1770 3802 esse
1814 3744 2088 3826 positum.

574 3850 882 3908 Postremo
941 3848 1301 3925 adjectivum
1344 3846 1492 3916 πᾶς,
1556 3846 1665 3904 etsi
1727 3847 1870 3906 huic
1930 3847 2121 3906 ordini
2179 3869 2300 3907 non
2346 3855 2548 3926 potest

412 3953 720 4027 subjungi,
779 3953 1123 4011 nominetur
1165 3952 1263 4010 Pr.
1315 3954 1467 4007 821:
1528 3941 1604 4008 τό
1655 3952 1750 4007 πᾶ
1767 3972 1801 4008 ν
1843 3949 2087 4028 πορείας
2133 3985 2211 3995 ·-—
2258 3948 2438 4029 τέρμα
2468 3979 2555 4002 =

409 4045 475 4111 τὸ
521 4048 715 4128 πάσης
760 4054 999 4133 πορείας
1042 4050 1240 4132 τέρμα.

1278 4226 1680 4234 ---—-—-——-
