3017 4759
600 396 1053 475 πολύξενος.
1162 406 1371 485 Suppl.
1434 410 1590 468 144:
1657 400 1763 467 τᾶν
1823 400 2304 495 πολυξενώτατον
2352 405 2365 493 Ι
2420 410 2591 486 Ζῆνα

431 509 549 566 τῶν
589 499 996 583 κεκμηκότων.

598 610 822 671 Contra
848 612 964 685 Ag.
987 607 1149 670 1397
1164 633 1179 672 2
1225 609 1514 671 ναυτίλων
1549 607 1612 671 δὲ
1642 605 1941 690 σελμάτων
1977 609 1990 697 Ι
2030 606 2332 694 ἰσοτριβής
2359 613 2590 674 dictum

429 717 522 773 est
579 733 659 774 ex
717 712 1114 773 similitudine
1160 714 1595 791 adjectivorum
1655 716 1860 795 qualia
1914 716 2228 777 attulimus
2290 736 2426 795 pag.
2477 717 2592 777 70:

429 807 775 895 εὐάγγελος,
821 808 1074 892 εὖφιλής
1101 820 1216 877 etc.
1261 851 1346 865 -

599 917 777 978 Prior
818 938 958 997 pars
1002 918 1289 996 adjectivi
1333 921 1783 983 substantivum
1828 926 1951 981 est:

596 1013 1087 1100 χρυσαμοιβό
1107 1041 1152 1092 ς.
1243 1024 1358 1098 Ag.
1391 1028 1548 1083 420:
1612 1015 1649 1083 ό
1690 1015 2096 1103 χρυσαμοιβὸς
2149 1017 2206 1082 δ’
2241 1016 2433 1103 ’Ἄρης
2475 1038 2585 1083 σω-

429 1116 635 1199 μάτων
678 1124 780 1204 (cf.
812 1125 1031 1185 Blomf.
1069 1125 1248 1200 gloss.
1295 1126 1372 1185 ad
1400 1128 1515 1202 Ag.
1550 1148 1596 1186 ε.
1627 1128 1689 1186 h.
1721 1126 1811 1204 v.)
1853 1151 1941 1178 =
1983 1126 2128 1207 „qui
2173 1146 2424 1207 corpora
2453 1146 2590 1205 per·

426 1231 622 1287 mutat
663 1247 800 1287 cum
843 1231 1047 1287 auro.“

597 1331 1122 1407 πολισσοῦχος
1156 1336 1219 1390 et
1252 1327 1568 1407 πολίοχο
1587 1350 1635 1400 ς.
1679 1329 1819 1409 (Est
1846 1333 1963 1392 hoc
1987 1351 2317 1407 cognomen
2339 1333 2590 1392 deorum

426 1435 639 1494 urbem
668 1433 1007 1493 tenentium
1036 1454 1097 1495 v.
1119 1433 1388 1512 Hesych.
1421 1454 1467 1493 e.
1492 1455 1554 1496 v.
1587 1436 1895 1510 πολιοῦχοι
1923 1435 2081 1494 Plat.
2105 1435 2291 1510 Legg.
2320 1438 2437 1494 921
2470 1434 2586 1513 Ε..)

427 1537 589 1614 Sept.
640 1540 797 1596 253:
854 1529 1050 1616 χώρας
1101 1538 1228 1606 τοῖς
1280 1527 1695 1612 πολισσούχοις
1750 1538 1940 1606 θεοῖς.
2029 1537 2193 1616 Sept.
2233 1540 2386 1597 106:
2445 1533 2585 1596 θεοὶ

424 1635 690 1715 πολίοχοι
732 1632 975 1716 χθονός.

597 1741 823 1819 (Aliter
866 1763 931 1802 se
959 1744 1147 1804 habet
1178 1745 1293 1818 Ag.
1327 1747 1489 1801 325:
1533 1734 1678 1811 τούς
1708 1733 2145 1818 πολισσούχους
2170 1733 2359 1812 θεοὺς
2397 1737 2407 1823 Ι
2445 1734 2589 1812 τούς

422 1844 530 1920 τῆς
575 1833 835 1919 άλούσης
890 1845 1017 1923 γῆς.
1107 1844 1271 1924 Sept.
1307 1844 1458 1905 712:
1522 1836 1788 1903 κτεάνων
1830 1842 2319 1924 χρηματοδαίτας.
2409 1845 2583 1906 Eum.

427 1946 585 2008 627:
631 1946 741 2006 τοῦ
784 1939 1182 2026 στρατηλάτου
1227 1948 1423 2018 νεῶν).

592 2050 807 2130 Neque
851 2050 1139 2110 aliorsum
1185 2055 1454 2128 spectare
1497 2048 1889 2110 manifestum
1932 2053 2054 2110 est:

591 2146 1086 2233 τελεσφόρος.
1176 2154 1285 2214 oh.
1319 2157 1478 2212 644:
1524 2147 1805 2223 ἐξελθέτω
1849 2172 1940 2223 τις
1977 2142 2274 2228 δωμάτων
2314 2143 2586 2225 τελεσφό-

421 2276 541 2337 ρος.
631 2257 830 2317 Schol.
862 2257 986 2316 M.:
1031 2248 1321 2334 ἀρχηγός,
1368 2244 1718 2331 διοικητής).

593 2350 1053 2437 νικηφόρος.
1140 2358 1313 2419 Elim.
1351 2357 1508 2418 767:
1568 2350 1855 2433 πάλαισμ’
1905 2346 2183 2431 ἄφυκτον
2238 2358 2363 2426 τοῖς
2419 2352 2586 2416 ἐναν-

422 2459 571 2532 τίοις
614 2457 786 2538 ἔχοις,
826 2458 837 2542 Ι
875 2452 1172 2541 σωτήριόν
1216 2479 1278 2520 τε
1320 2456 1425 2519 καὶ
1468 2452 1704 2541 δορός
1746 2451 2198 2539 νικηφόρον.

593 2555 1223 2643 ὄμματοστερῆς.,
1279 2564 1453 2623 Eum.
1489 2566 1648 2622 921:
1693 2555 1961 2640 φλογμός
1996 2552 2101 2639 (τ’)
2129 2554 2583 2641 ὀμματοστερὴς

421 2667 630 2742 φυτῶν
660 2660 1061 2746 (Droysenust
1106 2667 1349 2740 „Brand
1383 2699 1462 2710 -—
1493 2665 2261 2745 pflanzenaugesengend“)
2305 2666 2380 2727 cf.
2424 2657 2580 2744 ἥλιο-

421 2763 629 2849 στερής
671 2769 1088 2848 Sophocleum.
1163 2770 1233 2830 Ο.
1267 2770 1330 2829 0.
1365 2772 1518 2829 313:
1563 2760 2133 2848 άργυροστερής
2173 2768 2285 2828 Oh.
2319 2773 2464 2829 999.

591 2871 775 2932 Notio
838 2871 1102 2934 verbalis
1163 2870 1203 2950 (,
1207 2870 1732 2950 ‚Verbalbegriff“)
1796 2870 2000 2950 priore
2062 2870 2349 2948 adjectivi
2409 2876 2582 2950 parte

423 2972 766 3035 continetur
807 2973 971 3053 Sept.
1007 2978 1160 3032 860:

592 3073 674 3157 ἐρ
692 3073 861 3152 ειψί
875 3093 1136 3152 τοιχος
1162 3108 1249 3120 --
1278 3068 1574 3154 δωμάτων
1604 3072 1983 3157 ἐρειψίτοιχοι
2013 3074 2101 3155 (v.
2128 3076 2347 3137 Blomf.
2398 3077 2577 3151 gloss.

422 3181 498 3241 ad
540 3180 706 3259 Sept.
754 3201 799 3240 s.
832 3179 920 3258 v.)

589 3284 771 3344 Haud
813 3283 1073 3343 multum
1114 3282 1375 3362 denique
1421 3285 1497 3344 ab
1543 3282 1887 3360 adjectivis„
1934 3303 2088 3363 quae
2129 3282 2304 3343 modo
2347 3281 2414 3343 in
2457 3282 2580 3343 dis-

422 3386 801 3466 putationem
844 3386 1093 3460 vocavi,
1137 3384 1368 3446 distant
1408 3386 1592 3446 haec:
2161 3366 2166 3373 ’

592 3485 624 3551 ἔ
638 3510 684 3549 π
700 3487 723 3548 ἰ
736 3509 778 3565 μ
795 3508 829 3549 ο
844 3490 879 3548 λ
896 3508 929 3549 ο
949 3510 980 3560 ς
1022 3485 1350 3565 (ἕπιμολεῖν
1406 3508 1543 3549 cum
1602 3488 1943 3550 accusativo
1983 3491 2260 3566 junctum
2302 3487 2581 3552 videmus

420 3594 602 3673 Soph.
649 3593 748 3653 Tr.
785 3592 952 3671 855).
1040 3593 1205 3672 Sept.
1240 3595 1399 3652 612:
1444 3589 1742 3672 δορίπονα
1783 3584 1930 3651 κάκ’
1982 3586 2272 3671 ἐκτρέπον
2315 3626 2396 3637 -
2437 3588 2450 3676 Ι
2485 3612 2582 3664 τες

417 3698 528 3777 γᾶς
570 3688 893 3773 ἐπιμόλους
933 3696 1346 3775 (Hermannus
1392 3695 1522 3756 sine
1568 3716 1745 3755 causa
1789 3693 2049 3772 conjecit
2090 3690 2152 3764 ἐς
2195 3696 2335 3774 γᾶς,
2394 3716 2579 3777 quum

417 3802 504 3860 M.
533 3801 822 3877 praebeat
864 3794 948 3867 εἰς
977 3791 1321 3875 ἐπιμόλους,
1366 3820 1403 3858 a.
1430 3819 1614 3859 manu
1641 3798 1979 3859 recentiore
2026 3792 2110 3868 εἰς
2139 3797 2387 3876 addito).

419 3900 664 3963 netivus
706 3900 818 3979 γᾶς
877 3903 939 3959 et
984 3900 1061 3959 ad
1104 3892 1425 3976 ἐπιμόλους
1483 3906 1547 3961 et
1606 3902 1681 3961 ad
1726 3895 2108 3979 ἐκτρέποντες
2160 3905 2253 3960 est
2308 3902 2577 3960 referen-

419 4004 531 4065 dus
590 4002 751 4064 sicut
791 4002 897 4063 Oh.
933 4005 1044 4063 64:
1104 3994 1340 4081 θιγόντι
1401 3997 1462 4061 δ’
1532 3995 1664 4063 οὔτι
1707 4004 2028 4080 νυμφικῶν
2085 3998 2344 4063 ἑδωλίων
2379 4000 2391 4085 Ι
2430 4023 2578 4073 ακος

421 4128 555 4183 gen.
616 4111 741 4167 tam
784 4104 863 4165 ad
905 4098 1145 4185 θιγόντι
1190 4126 1369 4187 quam
1413 4107 1488 4166 ad
1533 4127 1685 4184 αμος
1729 4106 2038 4185 pertinere
2080 4110 2245 4166 reete
2285 4105 2577 4188 judicant.

416 4211 605 4272 Plura
645 4209 911 4272 dicemus
953 4211 1070 4271 hoc
1111 4210 1186 4271 de
1229 4210 1362 4271 loco
1405 4209 1587 4270 infra.
