3017 4759
447 441 636 510 πόλιν.
728 451 807 510 ib.
857 456 1027 511 so5:.
1062 443 1316 528 Κάὸμου
1360 444 1646 529 πύργους.
1724 454 1839 526 Ag.
1892 457 2029 526 122,
2077 457 2217 525 254,
2265 458 2405 525 685,
2454 453 2596 525 776,

457 558 647 611 1290:
716 547 999 628 Πριάμου
1042 545 1229 622 πόλις.
1317 557 1488 614 Eum.
1538 560 1692 615 693:
1759 550 2036 625 Πέλοπος
2094 552 2157 614 έν
2203 549 2426 625 τόποις.
2511 556 2594 615 ib.

453 661 604 714 839:
651 648 830 732 δόμοι
856 648 1202 733 Ἐρεχθέως.
1271 657 1494 735 duplex
1541 658 1809 718 cernitur
1851 657 2166 732 genetivus
2209 657 2412 736 Suppl.
2450 663 2599 716 532:

457 751 838 837 Τεύθραντος
883 749 1033 815 ἄστυ
1078 759 1332 818 Μυσῶν.

615 862 825 941 Neque
884 861 1278 921 omittendum
1337 867 1428 922 est
1485 863 1764 922 similiter
1823 864 2148 924 seeundum
2208 883 2408 922 easum
2458 863 2594 921 addi

445 983 647 1022 earum
685 983 1092 1042 personarum,
1138 984 1174 1023 a
1216 965 1433 1046 quibus
1478 966 1705 1046 aliquid
1755 987 1971 1027 nomen
2018 967 2243 1026 tenuit:
2290 967 2452 1024 Pers.
2488 965 2521 1023 7
2529 971 2597 1023 0:
2662 1031 2669 1037 ‚

445 1059 728 1146 πορθμός
756 1058 1432 1144 Ἀθαμαντίδοζᾙλλας.
1498 1063 1877 1146 713;“’Έλλης
1907 1062 2208 1148 πορθμός.
2272 1068 2305 1126 7
2314 1073 2412 1126 90.
2448 1072 2598 1125 864:

443 1161 667 1239 κόλπος
707 1160 868 1239 Ῥέας
911 1172 1009 1229 Pr.
1058 1175 1201 1230 835.

613 1273 728 1351 Sed
789 1277 856 1332 ut
912 1273 987 1331 ad
1031 1271 1452 1350 praecedentia
1495 1272 1605 1333 illa
1647 1276 1919 1353 redeam,
1979 1274 2109 1353 pari
2156 1272 2404 1336 oonsilio
2451 1274 2596 1333 dioit

442 1380 621 1452 poeta
663 1375 823 1452 Sept.
880 1379 941 1433 1:
991 1369 1247 1451 Κάδμου
1293 1377 1543 1445 πολῖται,
1592 1377 1769 1451 oives,
1821 1378 1922 1457 qui
1970 1378 2137 1457 quasi
2186 1382 2327 1436 sunt
2371 1376 2594 1449 Cadmi,

442 1478 689 1537 honoris
735 1498 911 1538 eausa
954 1478 1039 1536 ita
1083 1478 1428 1559 adloquitur
1462 1481 1756 1539 Eteocles.
1824 1481 1994 1538 Eum.
2035 1483 2228 1538 1021:
2279 1471 2594 1546 Παλλάδος

441 1573 663 1648 ἀστοῖς.
1064 1637 1071 1646 ,

614 1682 853 1742 Pariter
882 1683 1158 1745 Minerva
1202 1684 1349 1744 dicit
1391 1684 1793 1744 Athenienses
1822 1685 1993 1743 Eum.
2028 1688 2182 1742 846:
2227 1674 2368 1752 τούς
2412 1676 2596 1758 ἐμούς

441 1777 678 1854 άστούς.
766 1785 845 1844 ib.
887 1786 920 1843 7
932 1791 1039 1845 52;
1086 1786 1166 1866 τῷ
1214 1787 1299 1866 σῷ
1345 1787 1591 1867 στρατῷ.
1636 1820 1721 1830 —
1768 1787 2151 1863 Quapropter
2194 1785 2472 1845 notiones
2517 1786 2595 1844 si·

442 1887 612 1945 miles
658 1895 838 1968 atque
898 1888 1039 1948 illae
1083 1890 1362 1964 genetivo
1426 1889 1688 1949 nominis
1733 1889 1978 1948 deorum
2022 1888 2431 1965 adjunguntur
2477 1908 2593 1968 quo

442 1996 728 2067 appareat
770 2011 897 2051 rem
927 1991 1018 2050 dis
1050 2012 1179 2051 esse
1209 2012 1437 2051 sacram
1466 1993 1565 2054 vel
1610 1992 1847 2051 defendi
1880 2011 2086 2050 eorum
2115 1991 2319 2050 tutela.
2386 1990 2591 2068 Suppl.

448 2096 598 2152 179:
643 2081 837 2171 ποῖγον
882 2128 965 2137 --
1010 2088 1184 2153 τῶνδ’
1226 2088 1502 2172 ἀγωνίων
1549 2095 1727 2154 θεῶν.
1795 2092 2000 2172 Suppl.
2037 2098 2188 2152 538:
2232 2095 2337 2160 τᾶς
2377 2084 2592 2170 Ἀφρο-

438 2193 601 2265 δίτας
646 2189 995 2276 πολύπυρον
1037 2171 1188 2255 αἶαν.
1277 2199 1441 2257 Pers.
1475 2203 1631 2257 205:
1677 2188 1894 2275 ἐσχάρα
1945 2193 2197 2273 Φοίβου.
2277 2199 2435 2254 345;
2480 2187 2590 2253 πό-

438 2301 526 2367 λις
595 2293 906 2368 Παλλάδος
970 2300 1118 2370 θεᾶς
1179 2303 1352 2362 Eum.
1402 2303 1499 2374 79,
1563 2301 1705 2375 762,
1768 2304 1907 2358 995.
2012 2300 2183 2359 Eum.
2241 2303 2346 2359 10:
2408 2290 2593 2367 ἀκτάς

440 2396 782 2480 ναυπόρους
844 2395 950 2472 τάς
1017 2395 1346 2472 Παλλάδος.
1453 2408 1565 2477 Ag.
1624 2403 1777 2462 272:
1833 2394 2072 2483 Ἀθῷον
2134 2392 2314 2471 αἶπος
2381 2394 2592 2476 Ζηνός.

441 2506 547 2563 ch.
601 2510 794 2564 1033:
853 2503 1084 2575 Λοξίου
1128 2501 1329 2564 πέδον.
1420 2507 1582 2565 Pers.
1634 2505 1784 2564 737:
1844 2498 2161 2583 Βόσπορον
2214 2496 2361 2582 ῥόον
2414 2504 2586 2562 θεοῦ.

439 2606 636 2665 Schol.
680 2608 793 2666 M.:
855 2601 956 2665 διά
1001 2601 1065 2666 τό
1112 2605 1399 2687 ἱδρῦσθαι
1445 2600 1671 2665 αὐτόθι
1714 2599 1864 2676 Διός
1908 2599 2090 2685 ἱερόν,
2149 2597 2231 2675 ὥς
2278 2602 2588 2674 Μνασέας.

439 2710 607 2767 Eum.
645 2714 794 2769 842:
843 2705 905 2768 έν
949 2701 1182 2768 τόποισι
1226 2712 1351 2779 τοῖς
1396 2706 1604 2784 ἐμοῖσι.
1671 2709 1825 2769 Sunt
1865 2711 2016 2770 haee
2059 2711 2245 2770 verba
2280 2709 2587 2769 Minervae

438 2813 514 2869 ad
562 2813 917 2871 Athenas
964 2812 1345 2889 pertinentia.
1435 2812 1597 2889 Sept.
1655 2816 1800 2871 103:
1849 2805 2198 2891 προδώσεις,
2243 2812 2588 2888 παλαίχθων

443 2905 694 2995 ξ’Ἀρης,
740 2906 847 2972 τάν
892 2907 1027 2973 τεάν
1069 2949 1151 2959 —-
1196 2915 1334 2975 vide
1378 2915 1581 2974 adnot.
1628 2914 1823 2973 Sohol.
1869 2916 1950 2974 M.
1996 2950 2079 2959 —-
2135 2916 2209 2976 ef.
2255 2917 2427 2975 Eum.
2473 2920 2587 2974 24:

445 3010 708 3093 Βρόμιος
750 3013 867 3093 ἔχει
911 3008 1015 3076 τόν
1059 3019 1269 3096 χῶρον.

612 3119 1002 3194 Articulo‚
1064 3122 1223 3202 quod
1265 3121 1589 3182 maximum
1636 3126 1756 3194 est,
1816 3122 2130 3195 genetivus
2174 3121 2311 3179 talis
2356 3140 2587 3197 posses-

439 3222 602 3282 sivus
650 3243 1023 3303 nequaquam
1066 3230 1160 3284 est
1202 3226 1526 3302 praeditus,
1589 3245 1765 3304 quam
1811 3225 1887 3282 ob
1931 3244 2054 3282 rem
2101 3222 2337 3297 egregie
2378 3222 2584 3300 Suppl.

443 3329 583 3396 538,
627 3327 729 3384 ubi
773 3328 900 3395 τᾶς
929 3318 1284 3403 Ἀφροδίτας
1313 3321 1661 3405 πολύπυρον
1692 3317 1830 3383 αἶαν
1872 3325 2094 3386 tradita
2138 3329 2228 3384 est
2271 3325 2584 3403 scriptura,

439 3427 822 3486 Hermannus
868 3429 1208 3489 emendavit
1251 3420 1381 3486 τάν
1421 3420 1791 3507 Ἀφροδίτας.

1448 3616 1482 3695 5
1530 3622 1585 3675 2.

612 3735 886 3794 Orationi
945 3737 1309 3814 Aeschyleae
1369 3737 1590 3804 eximia
1646 3735 1861 3796 deinde
1916 3736 2077 3795 inest
2133 3735 2299 3795 voeis
2350 3727 2584 3814 Ἐρινύς

440 3838 538 3898 vel
596 3837 878 3898 similium
936 3841 1200 3917 ejusdem
1260 3841 1497 3915 generis
1556 3861 1688 3901 oum
1740 3839 2018 3913 genetivo
2064 3840 2398 3917 possessivo
2445 3859 2582 3898 eon-

434 3942 774 4016 jungendae
821 3944 1202 4002 consuetudo·
1290 3944 1494 4005 Cuivis
1539 3943 1698 4002 enim
1742 3943 1970 4002 homini
2031 3944 2199 4024 quasi
2259 3963 2400 4002 suae
2443 3951 2584 4000 sunt

440 4042 709 4103 addictae
751 4046 945 4104 furiae
990 4064 1142 4125 quae
1185 4046 1453 4114 vindices
1498 4066 1703 4105 eorum
1735 4066 1887 4126 quae
1916 4052 2265 4124 perpetrant
2307 4046 2579 4104 homines

438 4145 770 4206 facinorum
813 4148 1103 4210 divinitus
1149 4148 1270 4208 sint
1314 4149 1675 4210 constitutae
1709 4150 1795 4226 (v.
1830 4149 1899 4210 Ο.
1931 4148 2264 4210 Mueller
2305 4150 2380 4209 ad
2407 4150 2578 4209 Eum.
