3017 4759
1298 306 1758 370 -118—

455 462 617 523 ctivo
663 467 915 541 apparet
956 463 1130 522 Eum.
1166 461 1317 521 759:
1382 454 1685 541 πράξομεν
1746 451 1829 530 οἷς
1870 455 2160 544 μεταμέλῃ
2207 452 2393 530 πόνος
2437 452 2610 534 „effi-

454 566 679 625 ciemus
722 568 793 625 ut
836 564 1202 644 poeniteat.“

624 659 967 740 ἀντιάζω,
1015 667 1176 747 quod
1217 686 1337 726 uno
1385 666 1629 726 omnino
1672 667 1803 726 loco
1848 668 2035 728 habet
2065 665 2415 742 genetivum
2445 687 2610 727 eum-

455 790 572 850 que
615 770 707 829 rei
750 769 932 847 Soph.
970 770 1064 829 El.
1101 774 1253 828 869:
1300 762 1494 841 τάφον
1527 760 1809 838 ἀντιάσας
1838 767 2246 847 („sepulcrum
2277 769 2610 847 adeptus“),

459 873 620 950 apud
646 873 1021 950 Aeschylum
1052 871 1372 947 colligatur
1402 891 1538 931 cum
1568 870 1912 932 accusativo
1943 891 2235 949 personae
2273 875 2386 947 Ag.
2416 875 2611 932 1516:

454 967 729 1052 θυγατὴρ
777 965 988 1052 πατέρ’
1031 967 1358 1033 ἀντιάσασα
1395 971 1766 1052 (Hesychius
1812 1009 1897 1018 -
1942 964 2175 1054 άπαντᾷ
2222 974 2527 1057 συναντᾷ).

634 1077 1237 1154 προσικνοῦμαι.
1328 1077 1436 1137 Oh.
1487 1080 1685 1136 1030:
1754 1068 1905 1157 τόξῳ
1956 1069 2066 1155 γάρ
2114 1067 2278 1145 οὔτις
2323 1068 2614 1153 πημάτων

459 1178 808 1259 προσίξεται.
900 1180 1067 1241 Haec
1128 1185 1221 1240 est
1281 1180 1582 1258 scriptura
1625 1179 1867 1239 tradita.
1958 1179 2317 1239 Schuetzius
2362 1178 2618 1257 conjecit

462 1281 718 1357 ἐφίξεται
776 1288 1014 1343 secutus
1060 1283 1456 1343 Scholiastam
1502 1285 1617 1357 M.;
1681 1286 1848 1360 cujus
1900 1285 2051 1343 haec
2107 1287 2201 1341 est
2252 1282 2615 1361 interpreta-

461 1386 547 1446 tio
586 1408 703 1445 -ε
750 1381 1068 1459 ἐφικέσθαι
1098 1386 1208 1443 τοῦ
1235 1378 1483 1460 μήκους.
1557 1387 1940 1445 Hermannus
1970 1387 2457 1464 praeponendam
2487 1405 2617 1445 esse

463 1487 869 1562 en’stimavit,
913 1508 1089 1568 quam
1132 1488 1366 1565 recepit
1407 1488 1473 1547 in
1517 1493 1785 1563 textum,
1848 1488 2282 1548 correctionem
2324 1487 2619 1548 Meinekii

463 1589 866 1669 προσθίξεται.
957 1593 1039 1661 Et
1067 1592 1338 1669 profecto
1371 1594 1831 1669 προσικνεῖσθαι
1857 1590 2112 1671 reliquis
2140 1591 2291 1651 locis
2337 1595 2442 1650 aut
2485 1609 2620 1649 cum

463 1693 910 1773 praepositione
956 1690 1054 1752 ἐπί
1084 1693 1455 1753 construitur
1496 1697 1612 1769 Ag.
1651 1695 1791 1753 756.
1836 1726 1924 1737 ——
1941 1740 1957 1768 ‚
2003 1698 2110 1753 aut
2154 1714 2288 1753 cum
2316 1694 2477 1753 nudo
2525 1711 2620 1751 ac-

466 1796 736 1857 cusativo
794 1796 1167 1873 „supplicem
1227 1796 1431 1856 adire“
1487 1797 1762 1857 indicans
1808 1797 1916 1856 oh.
1969 1800 2130 1856 1032
2192 1815 2382 1875 aeque
2440 1799 2623 1874 atque

468 1895 828 1969 ἐξικνεῖσθαι
885 1894 1007 1970 (ἐπί
1056 1901 1171 1973 Ag.
1222 1904 1365 1959 290.
1453 1892 1608 1977 πρός
1666 1920 1801 1959 cum
1847 1919 2039 1960 accus.
2098 1900 2198 1959 Pr.
2247 1898 2389 1957 791.
2476 1897 2623 1957 nud.

468 2021 659 2061 accus.
707 2005 821 2077 Ag.
870 2002 1011 2063 267.
1078 2003 1252 2062 Eum.
1305 2006 1488 2063 1004.
1556 2005 1658 2063 Pr.
1709 2002 1876 2080 808).
1964 2003 2063 2062 Ad
2119 2000 2625 2062 constructionem

468 2104 660 2180 igitur
705 2105 868 2184 quod
909 2104 1131 2165 attinet
1148 2150 1163 2177 ,
1209 2105 1504 2165 Meinekii
1550 2109 1892 2183 conjectura
1935 2102 2320 2180 προσθίξεται
2368 2102 2626 2163 forsitan

469 2210 694 2269 habeat
737 2207 1329 2269 commendationem.
1420 2207 1596 2274 Quod
1655 2228 1800 2270 vero
1846 2207 2023 2267 docet
2061 2207 2446 2265 Hermannus
2502 2225 2627 2264 non

471 2330 600 2370 esse
648 2311 965 2386 credibile,
1033 2314 1107 2374 ab
1149 2313 1454 2391 Aeschylo
1514 2312 1676 2372 idem
1725 2313 1979 2372 verbum
2022 2309 2309 2369 iteratum
2366 2328 2493 2368 esse
2539 2307 2626 2385 (v.

476 2412 685 2490 1032.)
739 2413 805 2473 id
849 2435 1028 2494 quam
1082 2414 1164 2475 sit
1214 2415 1393 2493 parvi
1435 2414 1728 2475 momenti
1772 2412 2162 2472 manifestum
2206 2417 2325 2484 est,
2386 2415 2457 2471 ut
2497 2431 2629 2470 rem

474 2515 819 2576 confirmem
863 2507 1157 2595 exemplis
1202 2518 1506 2597 pauculis,
1566 2538 1635 2577 eo
1682 2517 1842 2597 quod
1886 2521 2066 2594 poeta
2109 2515 2273 2594 Sept.
2307 2518 2461 2573 495:
2525 2505 2629 2572 ἐπ’

474 2610 748 2685 ἀσπίδος.
835 2618 917 2679 ib.
955 2624 1110 2678 503:
1159 2614 1256 2678 ἐπ’
1309 2613 1577 2677 ἀσπίδων
1622 2618 1772 2678 dicit
1800 2619 2109 2693 neglecto,
2156 2617 2317 2697 quod
2351 2614 2630 2694 proxime

473 2719 782 2797 praecedit
824 2741 884 2781 v.
921 2725 1076 2780 493:
1127 2714 1222 2779 ἐπ’
1277 2716 1569 2793 ἀσπίδων,
1617 2721 1776 2800 quod
1819 2720 2052 2780 vicinos
2096 2739 2309 2781 versus
2356 2719 2463 2777 ch.
2503 2723 2627 2776 692

477 2825 539 2880 et
577 2825 697 2880 695
747 2812 1201 2897 ὅμοιοτελεύτως
1246 2822 1474 2882 claudit
1507 2827 1798 2882 exeuntes
1841 2821 1909 2880 in
1952 2815 2024 2880 τά
2071 2816 2422 2902 πρόσφορα,
2470 2821 2632 2900 quod

476 2923 736 3004 denique
781 2916 969 3004 κάρτα
1014 2925 1372 3004 particulam
1431 2925 1658 3005 repetit
1700 2926 1908 3005 Suppl.
1943 2928 2085 2985 431.
2134 2929 2277 2984 433.
2324 2927 2445 2983 435
2491 2943 2633 2984 ver-

479 3026 642 3087 sibus
700 3048 828 3087 sese
888 3028 1352 3109 excipientibus.
1442 3030 1650 3109 Suppl.
1686 3032 1809 3088 402
1854 3028 2153 3106 repetitur
2208 3028 2368 3108 quod
2410 3047 2470 3088 v.
2505 3030 2631 3085 392

477 3129 700 3190 dicitur
741 3130 810 3190 in
850 3152 1062 3194 versus
1106 3133 1256 3193 fine:
1323 3131 1647 3210 φροντίδος
1704 3132 2017 3209 σωτηρίου.
2079 3161 2163 3174 —-
2220 3129 2391 3189 Talia
2441 3128 2635 3204 igitur

475 3232 860 3294 Hermannus
917 3236 994 3295 ad
1036 3237 1327 3297 tuendum
1381 3236 1552 3296 illam
1610 3234 1972 3295 sententiam
2015 3231 2309 3293 Meinekii
2363 3253 2486 3292 non
2528 3231 2633 3290 de-

477 3334 614 3396 buit
656 3337 946 3413 proferre.

649 3439 877 3500 Eadem
922 3441 1325 3520 explicatione
1377 3462 1496 3522 qua
1540 3445 1867 3504 verborum
1912 3436 2316 3518 consequendi
2374 3436 2635 3514 comple-

482 3544 609 3599 ctar
653 3545 1017 3601 structuram
1046 3544 1257 3611 vocis:
1306 3540 1717 3623 ἔπακρίζει
1738 3567 1768 3601 ν
1812 3541 2106 3620 Aeschyli
2141 3540 2477 3621 propriam:
2509 3538 2634 3605 .Gh.

483 3647 634 3703 925:
681 3645 913 3702 πολλῶν
959 3639 1222 3720 αἱμάτων
1254 3640 1564 3724 ἕττήκρισεν
1602 3642 1611 3706 1
1654 3639 1887 3722 τλήμων
1929 3636 2222 3722 Ὀρέστης.
2310 3644 2387 3711 In
2432 3641 2634 3701 Schol.

481 3749 595 3807 M.:
644 3738 742 3804 ἐπ’
789 3738 976 3825 ἀκρον
1021 3733 1184 3823 ἦλθε.
2291 3769 2318 3779 ·

651 3850 907 3912 Verba
950 3851 1390 3914 aberrandi.

655 3944 1075 4033 άμαρτάνω.
1167 3953 1497 4015 Genetivus
1545 3957 1637 4012 est
1672 3949 2056 4015 substantivi.
2141 3953 2257 4026 Ag.
2293 3955 2449 4010 20οι
2494 3946 2640 4023 ξυμ-

484 4055 697 4132 μαχίας
741 4047 1037 4134 ἁμαρτών.
1124 4056 1205 4118 ib.
1242 4060 1393 4116 513:
1449 4057 1556 4114 τοῦ
1600 4052 1814 4133 ῥυσίου
1858 4048 2103 4130 ἥμαρτε.
2163 4085 2247 4096 -
2303 4052 2385 4112 ib.
2438 4054 2638 4112 1635:

485 4153 800 4236 σώφρονος
862 4150 1100 4237 γνώμης
1161 4151 1221 4215 δ’
1288 4149 1627 4236 άμαρτῆτον
1671 4156 1795 4235 (Sic
1839 4158 1923 4216 M.
1968 4154 2381 4216 Hermannus:
2444 4142 2638 4233 άμαρ-
