3017 4759
1281 344 1706 414 ...63-

422 506 639 584 plurali
684 527 931 567 numero
977 507 1238 584 positum
1283 506 1588 567 infinitivo
1633 506 2041 584 praemittitur
2082 538 2167 548 -
2213 506 2324 579 Ag.
2377 510 2573 564 16363

425 601 538 669 οὐκ
583 601 660 669 ὅὶν
686 601 964 689 Ἀργείων
1009 601 1131 668 τόδ’
1175 605 1287 684 εἴη,
1335 611 1509 682 φῶτα
1539 608 1917 687 προσσαίνειν
1946 601 2152 668 κακόν.
2220 607 2382 683 Sept.
2409 613 2574 697 ι2123

421 707 662 792 ἀνδρῶν
706 706 790 771 τά
805 704 866 770 δ’
912 708 1063 783 ἔστί,
1123 706 1350 790 σφάγια
1407 708 1513 770 καὶ
1556 705 1875 790 χρηστήρια
1913 707 1924 792 Ι
1964 714 2199 770 θεοῖσιν
2239 705 2445 788 ἕρδειν.
2491 698 2575 752 -’-

422 821 536 890 Ag.
588 820 749 875 1349
794 817 1022 875 habent
1063 815 1236 875 libri:
1293 811 1348 872 εἰ
1373 806 1425 872 δ’
1469 801 1548 890 ἦν
1590 807 1983 893 πρεπόντων
2029 805 2164 872 ὥστ’
2207 809 2577 871 ἐπισπένδειν

421 919 630 1000 νεκρῷ.
678 953 761 963 —-
819 920 884 976 F.
933 923 1004 978 A.
1049 918 1305 978 Wolfius
1364 918 1438 977 ad
1483 917 1792 976 Demosth.
1840 917 2000 995 Sept.
2061 939 2119 995 p.
2168 917 2288 974 217
2354 917 2577 975 dictum

423 1041 552 1079 esse
596 1020 970 1083 existimavit
1011 1010 1087 1097 ἦν
1116 1012 1470 1099 πρεπόντων
1514 1041 1623 1097 pro
1670 1007 1747 1094 ἦν
1776 1016 2025 1099 πρέπον.
2055 1055 2138 1063 -—-
2183 1023 2267 1078 At
2308 1020 2372 1078 in
2421 1023 2576 1096 ejus-

422 1125 583 1183 modi
643 1124 1273 1184 circumlocutionibus
1332 1123 1614 1197 genetivo
1667 1123 1986 1195 articulum
2029 1143 2158 1181 esse
2203 1122 2580 1181 adiciendum

424 1227 881 1288 declaraverunt
939 1226 1324 1285 Blomfieldus
1383 1245 1455 1285 ac
1510 1225 1908 1285 Wellauerus.
1998 1226 2409 1298 Hermannus,
2477 1227 2577 1304 qui

425 1329 696 1405 pluribus
742 1330 814 1387 de
861 1329 1247 1387 emendandis
1290 1327 1413 1386 illis
1457 1329 1660 1388 verbis
1704 1328 2004 1401 disseruit,
2061 1328 2425 1407 Aeschylum
2471 1350 2579 1405 pu·

424 1432 581 1494 tavit
624 1431 961 1509 scripsisse:
1009 1427 1062 1488 εἶ
1101 1423 1154 1489 δ’
1196 1419 1271 1507 ἦν
1315 1427 1548 1509 πρέπον
1590 1423 1727 1511 τῷδ’
1773 1422 1907 1489 ὥστ’
1952 1426 2325 1490 ἐπισπένδειν
2368 1432 2604 1512 νεκρῷ..

425 1534 620 1607 Magis
679 1534 826 1592 mihi
891 1534 1154 1608 adridet,
1223 1534 1380 1613 quod
1423 1535 1695 1610 reposuit
1737 1533 2264 1596 Schneidewinus:
2329 1530 2576 1612 πρέπον,

429 1627 686 1716 τοιῷδ’
730 1630 1102 1694 ἐπισπένδειν
1144 1637 1351 1717 νεκρῷ.
2604 1713 2609 1717 ⁴

594 1740 685 1796 Ac
728 1757 805 1796 ne
862 1737 1011 1796 illud
1071 1739 1312 1817 quidem
1364 1745 1456 1800 est
1497 1739 1922 1814 negligendum
1970 1740 2178 1798 eodem
2224 1759 2400 1798 sensu
2446 1759 2577 1795 cum

425 1840 706 1915 genetivo
753 1843 1082 1902 consociari

596 1942 658 2020 α)
703 1945 1210 2022 praepositionem
1255 1939 1464 2024 πρός.

599 2051 712 2121 Ag.
749 2047 902 2107 570:
946 2032 987 2122 ἦ
1016 2039 1205 2126 κάρτα
1236 2042 1389 2125 πρὸς
1419 2041 1703 2125 γυναικός
1732 2045 2013 2127 αἴρεσθαι
2041 2043 2201 2124 κέαρ.
2267 2046 2349 2105 ib.
2390 2046 2580 2104 1607:

428 2142 492 2208 vd
537 2142 651 2230 γὰρ
697 2147 952 2208 δολῶσαι
998 2144 1152 2229 πρός
1194 2142 1479 2229 γυναικός
1532 2135 1609 2225 ἦν
1651 2151 1861 2225 σαφῶς
1922 2148 2022 2225 (cf.
2067 2150 2249 2226 Soph.
2294 2147 2389 2207 Ai.
2438 2152 2581 2219 319,

430 2256 569 2325 581,
622 2252 804 2314 1071.
851 2257 954 2313 Ar.
1001 2232 1342 2313 Ran.‘541.
1388 2252 1546 2311 Plut„
1598 2258 1737 2312 355.
1784 2253 2021 2311 Thesm.
2070 2251 2213 2311 177.
2257 2284 2340 2296 —-
2384 2249 2581 2308 Sehol.

429 2354 502 2410 ad
548 2354 642 2412 Ai.
691 2358 831 2413 581.
876 2355 1072 2416 Schol.
1120 2358 1196 2415 ad
1239 2359 1353 2417 Av.
1400 2356 1560 2415 Plut.
1608 2360 1749 2415 355.
1785 2388 1869 2400 -—
1914 2354 2119 2416 Valck.
2167 2355 2242 2412 ad
2287 2353 2471 2413 schol.
2518 2353 2582 2410 in

429 2456 636 2534 Eurip.
681 2457 910 2518 Phoen.
965 2462 1145 2518 1686.
1194 2459 1563 2520 Abreschius
1608 2458 1905 2518 animadv.
1951 2458 2002 2530 Ι,
2047 2479 2106 2535 p.
2142 2456 2310 2534 319).

598 2563 727 2621 Nec
768 2582 892 2621 non
939 2581 1073 2621 cum
1117 2562 1398 2636 genetivo
1445 2561 1807 2623 substantivi
1850 2562 2133 2621 abstracti
2177 2560 2401 2635 legitur
2435 2561 2584 2619 haec
2689 2578 2690 2581 ’

429 2665 826 2743 praepositio:
888 2666 995 2724 Ch.
1045 2669 1203 2724 685:
1263 2658 1453 2745 πρὸς
1508 2662 1958 2740 δυσσεβείας
2001 2654 2114 2743 [δ’]
2158 2649 2244 2740 ἦν
2286 2658 2418 2738 ἐμοὶ
2461 2655 2585 2720 τόδ’

432 2763 495 2824 έν
525 2765 756 2845 φρεσίν,
799 2759 1031 2827 τοιόνδε
1072 2768 1316 2847 πρᾶγμα
1361 2761 1443 2846 μὴ
1489 2769 1918 2848 καρανῶσαι
1963 2765 2163 2842 φίλοις
2190 2793 2278 2817 =
2306 2761 2584 2840 δυσσεβὲς

433 2854 507 2942 ἦν
572 2868 670 2944 (cf.
716 2869 896 2946 Soph.
943 2871 1014 2928 Ο.
1060 2872 1122 2931 Ο.
1172 2875 1291 2930 548
1352 2906 1438 2917 --
1499 2869 1613 2949 ἔχει
1655 2867 1723 2930 δέ
1775 2892 1874 2948 μοι
1934 2906 2019 2914 -
2076 2862 2232 2949 πρὸς
2274 2867 2445 2938 δίκας
2509 2890 2580 2927 τι.

436 2972 504 3029 Ο.
550 2974 620 3031 R.
674 2976 867 3032 1014:
912 2958 1005 3049 ἆρ’
1050 2963 1235 3031 οἶσθα
1278 2972 1427 3051 δῆτα
1470 2967 1625 3055 πρδς
1667 2972 1841 3051 δίκης
1885 2966 2060 3032 οὐδὲν
2102 2970 2379 3052 τρέμων).

603 3072 668 3154 β)
712 3075 1068 3136 vocabulum
1112 3073 1302 3156 ἔργον.

603 3180 708 3239 Oh.
758 3184 911 3238 653:
957 3174 1012 3236 εἰ
1050 3169 1103 3236 δ’
1146 3171 1283 3239 ἄλλο
1328 3178 1614 3257 πρᾶξαι
1657 3176 1750 3237 δεῖ
1786 3200 1845 3237 τι
1887 3170 2300 3255 βουλιώτερον,
2347 3168 2584 3251 ἀνδρῶν

432 3274 555 3338 τόδ’
600 3278 755 3340 ἐστιν
798 3278 995 3360 ἔργον,
1055 3273 1149 3350 οἷς
1190 3275 1572 3358 κοινώσομεν.
1621 3274 1706 3326 -έ
1755 3281 2165 3360 Similiterque
2209 3282 2378 3337 Eum.
2432 3281 2584 3336 724:

437 3376 581 3457 έμὸν
624 3375 747 3442 τόδ’
791 3381 986 3461 ἔργον,
1029 3384 1306 3444 λοισθίαν
1349 3387 1547 3463 κρῖναι
1593 3381 1783 3459 δίκην.
1872 3385 1971 3443 Pr.
2021 3387 2178 3443 634:
2238 3375 2346 3440 σδν
2390 3378 2582 3461 ἔργον,

432 3477 552 3557 Ἰοῖ,
598 3478 784 3545 ταῖσδ’
826 3477 1206 3565 ὑπουργῆσαι
1247 3481 1436 3567 χάριν.
