3017 4759
406 445 600 510 σέθεν.
670 455 784 525 Ag.
820 455 973 509 846:
1022 442 1125 508 τόν
1155 441 1218 508 θ’
1250 440 1351 506 ὑπ’
1378 440 1528 531 Ἰλίῳ
1575 444 1753 508 σέθεν
1783 444 1809 532 ΙΙ
1841 446 2137 508 κίνδυνον.
2205 451 2373 510 Eum.
2413 453 2567 510 1032

406 546 521 632 ὅρα
581 549 645 612 δὲ
706 547 935 632 πληγάς
993 545 1168 611 τάσδε
1227 550 1444 634 καρδίᾳ
1506 547 1702 624 σέθεν,
1764 552 1866 612 ubi
1929 557 2128 611 tamen
2187 552 2568 613 Hermannus

402 656 690 734 praetulit
721 690 802 699 -
834 653 1082 735 καρδίας
1113 649 1280 715 ὅθεν.
1348 651 1503 716 '2262
1547 647 1682 713 ὥστ’
1711 651 1862 731 ἔχειν
1892 648 2067 731 τιμάς
2099 650 2294 714 σέθεν.
2361 655 2567 733 Suppl.

406 762 561 820 490:
603 754 749 837 χειρὶ
794 754 894 817 καὶ
937 752 1138 837 λόγοις
1180 754 1375 817 σέθεν.
1463 758 1544 818 ib.
1590 764 1740 819 195:
1782 751 1960 818 τάσδε
2004 756 2339 836 μεμνῆσδαι
2384 753 2565 816 σέθεν

410 857 418 939 Ι
466 854 679 931 κεδνὰς
723 855 1003 938 σφετμάς.
1091 862 1173 921 ib.
1213 865 1363 920 358:
1408 854 1827 937 μονοψήφοισι
1870 854 2153 938 νεύμασιν
2196 857 2392 920 σέθεν.
2483 861 2564 921 ib.

408 970 561 1024 906:
621 956 696 1022 σύ
741 956 790 1022 τ’
833 957 1018 1034 αὐτός
1061 962 1159 1041 χοὶ
1212 959 1575 1043 ξυνέμποροι
1634 960 1827 1024 σέθεν.
1872 999 1956 1010 —
2018 968 2242 1027 Contra
2285 985 2420 1040 gen.
2476 968 2569 1023 est

407 1068 742 1144 objectivus
785 1067 992 1147 Suppl.
1045 1068 1198 1128 778:
1245 1063 1478 1143 σεβίζου
1523 1058 1576 1125 δ’
1620 1061 1818 1136 ἱκέτας
1862 1063 2038 1125 σέθεν
2084 1067 2163 1145 (v.
2210 1086 2343 1145 pag.
2378 1068 2502 1145 34).

574 1167 638 1248 β)
682 1163 954 1231 Βιίολίε
998 1170 1314 1245 genetivus
1359 1189 1480 1228 non
1527 1161 1743 1244 exstat,
1803 1188 1943 1229 nam
1986 1171 2086 1230 Pr.
2140 1175 2213 1229 12
2260 1168 2431 1252 σφῷν
2475 1175 2568 1229 est

405 1272 659 1333 dativus.

579 1374 638 1453 y)
684 1375 985 1436 Plurali
1050 1375 1332 1450 genetivo
1378 1395 1523 1438 vcro
1568 1366 1736 1451 ὑμῶν
1778 1376 1873 1436 vis
1918 1375 2256 1453 possessiva
2299 1374 2417 1434 fuit
2461 1376 2563 1434 ad-

406 1478 617 1551 denda,
668 1478 951 1558 quoniam
988 1499 1317 1556 pronomen
1363 1479 1887 1556 possessivum
1932 1469 2299 1553 ὖμέτερος
2342 1477 2565 1556 plane

402 1581 738 1641 alienum
784 1587 874 1642 est
918 1583 992 1641 ab
1042 1582 1379 1660 Aeschylea
1423 1582 1716 1655 oratione,
1760 1580 1822 1639 id
1870 1581 2027 1661 quod
2075 1585 2288 1640 notatu
2318 1580 2566 1656 dignum

401 1690 508 1744 est.
598 1705 730 1759 gen.
775 1676 967 1760 ὑμῶν,
1029 1686 1133 1765 qui
1182 1685 1447 1765 quinque
1494 1685 1740 1745 omnino
1784 1683 1932 1744 locis
1976 1684 2041 1743 in
2086 1704 2198 1742 usu
2242 1688 2361 1756 est,
2407 1705 2564 1762 poss.

403 1792 525 1847 est:
572 1790 670 1849 Pr.
719 1793 906 1848 10602
954 1780 1036 1864 μὴ
1082 1784 1308 1866 φρένας
1353 1779 1524 1864 ὑμῶν
1568 1781 1870 1870 ἠλιθιώσῃ
1918 1786 2348 1865 (praedicative
2391 1788 2564 1846 Eum.

410 1891 560 1949 572:
605 1880 775 1963 ὑμῶν
805 1881 840 1948 ό
871 1891 1072 1965 μῦθος
1102 1911 1183 1950 sc.
1216 1888 1382 1969 ἐστι’).
1454 1892 1823 1969 subjectivae
1857 1889 2060 1969 potius
2094 1896 2186 1949 est
2215 1893 2380 1949 Pers.
2416 1895 2566 1949 520:

405 1984 583 2065 φάτις
627 1982 817 2066 ὑμῶν.
909 1992 1138 2052 Ceteris
1194 1992 1343 2052 locis
1404 1993 1793 2071 conjungitur
1836 2012 1970 2053 cum
2013 1992 2561 2071 praepositionibus

406 2096 575 2154 Eum„
627 2100 725 2168 95,
775 2100 916 2153 668.

573 2198 630 2275 c)
675 2197 989 2257 Tertiae
1048 2217 1343 2275 personae
1403 2197 1837 2274 singularis
1897 2197 2216 2273 genetivus
2260 2193 2403 2257 ἕθεν
2463 2184 2565 2275 (οὗ

402 2320 526 2359 non
589 2306 679 2359 est
739 2300 1168 2380 Aeschyleum)
1232 2321 1352 2361 uno
1414 2300 1547 2361 loco
1612 2306 1704 2361 est
1763 2301 2136 2379 possessivus
2195 2301 2398 2379 Suppl.
2450 2307 2561 2363 62:

403 2395 580 2462 όίλετο
628 2395 781 2478 πρὸς
824 2396 1018 2482 χειρός
1062 2400 1218 2463 ἕθεν.
1306 2425 1638 2484 pronomen
1685 2425 1842 2482 poss.
1891 2396 1974 2474 ὅς
2018 2409 2216 2464 exstat
2266 2405 2358 2464 bis
2402 2405 2562 2482 Sept.

407 2512 559 2566 623:
613 2502 954 2583 ἐποπτῆρας
996 2508 1174 2566 λιτῶν
1215 2503 1240 2591 ΙΙ
1284 2510 1402 2567 τῶν
1449 2495 1535 2568 οἷν
1579 2504 1875 2586 γενέσθαι.
1962 2509 2135 2569 Eum.
2183 2513 2334 2568 352:
2381 2503 2565 2577 ἔθνος

401 2600 537 2667 τόδε
579 2604 784 2686 λέσχας
828 2596 900 2679 οἷς
945 2602 1348 2686 ἀπηξιώσατο.

574 2712 916 2773 Pluralis
977 2714 1294 2789 genetivus
1338 2736 1498 2793 poss.
1544 2715 1723 2794 plane
1768 2715 2141 2775 desideratur
2197 2719 2378 2795 atque
2423 2708 2562 2787 σφέ-

401 2832 566 2890 τερος
595 2836 925 2893 pronomen
956 2818 1359 2894 possessivum
1390 2819 1621 2878 duobus
1662 2823 1898 2879 tantum
1941 2819 2089 2878 locis
2121 2818 2341 2878 dicitur
2368 2818 2564 2878 Pers.:

408 2920 559 2976 881:
605 2912 886 2998 ἐκράτυνε
930 2917 1241 2999 σφετέραις
1285 2920 1513 3001 φρεσίν.
1603 2924 1714 2995 Ag.
1762 2923 1918 2981 73οε
1965 2916 2220 3002 σφετέρᾳ
2265 2911 2317 2977 δ’
2361 2911 2562 2978 εἰκότα

370 3013 596 3102 ’γέννᾳ

1410 3209 1553 3289 §⁷-

573 3328 868 3387 Neutrum
924 3329 1162 3388 articuli
1221 3330 1442 3408 plurali
1500 3350 1748 3390 numero
1808 3348 2158 3407 expressum
2202 3328 2391 3406 (Sept.
2437 3331 2557 3385 965

403 3432 554 3490 Rob.
613 3429 860 3490 exhibet
916 3427 1020 3489 καὶ
1079 3425 1156 3491 vd
1213 3424 1376 3492 τοῦδ’
1431 3427 1747 3507 ἐνόσφισεν
1805 3434 1963 3513 quod
2025 3431 2368 3493 emendavit
2407 3431 2562 3491 Her-

404 3551 690 3592 mannus:
757 3530 861 3592 καὶ
918 3526 1076 3594 τόνδ’
1134 3528 1470 3614 ἐνόσφισεν)
1541 3556 1674 3596 cum
1731 3536 2010 3613 genetivo
2072 3535 2409 3613 possessivo
2474 3535 2563 3594 ita

397 3637 701 3714 jungitur,
748 3643 817 3696 ut
846 3631 1161 3716 πράγματα
1192 3638 1291 3699 vel
1335 3638 1562 3721 aliquid
1612 3640 1877 3718 ejusdem
1920 3639 2157 3715 generis
2202 3639 2282 3698 sit
2323 3637 2560 3696 intelle-

404 3739 678 3813 gendum.
765 3741 929 3800 Pers.
980 3745 1134 3802 595:
1189 3742 1369 3810 νᾶσος
1415 3739 1526 3819 ἔχει
1570 3735 1642 3801 τὰ
1694 3742 1953 3821 Περσᾶν.
2043 3742 2241 3802 Schol.
2286 3743 2402 3800 M.:
2448 3732 2562 3798 σώ-

405 3862 560 3916 ματα
627 3841 816 3919 (Pers.
876 3844 1029 3904 705:
1099 3838 1582 3924 διαπεπόρθηται
1650 3838 1722 3903 τοὶ
1795 3846 2045 3924 Περσῶν
2111 3837 2557 3924 πράγματα).

404 3945 570 4004 Pers.
592 3950 741 4005 990:
774 3944 828 4004 τί
858 3937 912 4005 δ’
942 3940 1056 4005 οὐκ
1089 3939 1324 4019 ὄλωλεν,
1358 3942 1641 4026 μεγάλατε
1679 3948 1961 4024 Περσᾶν
1990 3950 2072 4010 Μ.
2105 3947 2226 4008 Vit.
2252 3978 2336 3988 —-
2359 3946 2558 4006 Schol.

404 4048 485 4107 M.
534 4047 882 4125 adscripsit:
926 4049 1111 4109 λείπει
1143 4043 1331 4109 κακά·
1376 4042 1419 4128 ἢ
1460 4045 1725 4110 στικτέον
1763 4045 1827 4107 ἕν
1870 4052 1952 4130 τῷ
1984 4050 2037 4109 τί
2081 4046 2176 4109 δέ·
2225 4039 2377 4128 εἶτα·
2425 4042 2561 4125 οὐχὶ

405 4143 490 4207 τά
534 4143 820 4230 μεγάλα
854 4154 1106 4233 Περσῶν
1140 4146 1355 4213 ὄλωλεν
1399 4160 1509 4216 etc.
1578 4156 1966 4214 Hermannus
2012 4154 2253 4233 scripsit
2296 4147 2559 4231 μεγάλως
