3017 4759
1307 330 1389 340 ....
1479 257 1563 359 33
1650 331 1735 341 ..-

440 440 635 517 δεινός
674 440 941 518 εὐκλείας
984 445 1151 527 ἔρως.
1240 449 1380 528 (frg.
1430 456 1583 511 384:
1640 442 1829 529 ἕφριξ’
1875 445 2025 527 ἔρως
2068 443 2350 531 δὲτοῦδε
2396 464 2599 524 μυστι-

440 552 554 608 κοῦ
614 546 834 620 τέλους.
924 552 1260 611 Brunckius
1321 548 1510 630 ἔρωτι.
1601 554 1783 613 Dind.
1846 544 2033 630 ἔφριξ’
2079 547 2196 629 ἐρῶ
2256 545 2320 609 δὲ
2367 595 2378 608 .
2428 595 2440 608 .
2490 595 2503 610 .
2554 552 2596 629 .)

436 652 641 730 Suppl.
691 658 847 713 504:
913 654 1031 712 τῶν
1074 645 1126 712 σ’
1170 650 1320 732 ἔρως
1363 650 1477 731 ἔχει
1535 647 1729 732 τυχεῖν
1788 655 2102 731 genetivus
2163 654 2283 712 τῶν
2342 658 2404 712 et
2462 674 2597 712 cum

435 750 586 832 ἔρως
631 761 693 815 et
737 775 871 815 cum
914 759 1109 832 τυχεῖν
1150 762 1352 834 potest
1397 760 1697 835 conjungi.
1785 760 1881 817 Ab
1928 754 2078 833 ἔρως
2119 757 2291 815 illum
2335 756 2596 833 pendere

437 857 486 915 si
531 858 959 933 intelligimuS,
1018 858 1387 921 infinitivum
1432 863 1629 937 τυχεῖν
1672 860 2152 939 epexegeticum,
2202 878 2379 938 quem
2422 878 2597 919 voea-

436 979 597 1034 mus,
657 961 795 1020 addi
855 961 1136 1022 debemus
1196 968 1475 1023 statuere.
1565 964 1909 1041 cujusmodi
1970 962 2244 1039 exempla
2298 963 2598 1040 permulta

438 1061 640 1136 colligi
683 1068 955 1140 possunt.
2607 1061 2614 1066 ’

609 1167 671 1240 6)
717 1163 931 1244 χρεία
959 1194 1046 1218 =
1073 1167 1355 1245 „inopia“
1399 1169 1498 1227 Pr.
1534 1173 1689 1227 483:
1736 1160 2073 1247 φαρμάκων
2103 1164 2265 1249 χρεία
2297 1162 2601 1227 κατεσκέλ-

383 1272 389 1276 ’
438 1269 624 1326 λοντο.
662 1294 749 1318 =
778 1270 1195 1343 „desiderium,
1243 1269 1580 1346 cupiditas“
1613 1272 1710 1330 Pr.
1752 1271 1899 1330 171:
1946 1266 2094 1346 ἐμοῦ
2133 1301 2216 1318 -ὴ-
2249 1267 2446 1349 χρείαν
2489 1265 2599 1340 ἕξει

439 1361 729 1447 μακάρων
772 1365 1076 1449 πρύτανις.

609 1472 673 1549 7)
719 1467 1011 1542 πύστις.
1083 1474 1182 1552 (de
1224 1474 1417 1534 forma
1456 1495 1512 1536 v.
1547 1475 1694 1537 Lob.
1726 1475 1800 1533 ad
1832 1475 2059 1552 Phryn.
2105 1494 2163 1550 p.
2199 1473 2369 1550 728.)
2435 1473 2595 1549 Sept.

442 1579 557 1631 54:
622 1571 806 1631 τῶνδε
865 1566 1077 1645 πύστις
1142 1570 1257 1634 οὐκ
1317 1568 1476 1658 ὄκνῳ
1537 1574 1857 1653 χρονίζεται
1916 1576 2231 1653 (Stobaeus
2289 1570 2391 1633 καὶ
2451 1570 2601 1654 τῷδε

438 1672 647 1743 πίστις.
717 1676 819 1734 sed
864 1674 1051 1734 τῶνδε
1093 1669 1307 1746 πύστις
1352 1678 1649 1756 scriptura
1694 1679 2081 1737 confirmatur
2115 1677 2482 1737 Scholiastae
2511 1676 2595 1735 M.

437 1775 811 1837 testimonio:
870 1768 911 1853 ἦ
955 1774 1130 1856 περὶ
1194 1772 1486 1838 τούτων
1545 1771 1741 1855 άκοή
1787 1772 1859 1839 ού
1905 1775 2176 1857 βραδέως
2218 1774 2468 1858 γέγονεν.
2514 1810 2598 1821 —

438 1871 478 1954 ἦ
520 1880 797 1957 γνῶσις
841 1873 955 1938 οὐκ
1000 1877 1083 1951 εἷς
1129 1874 1365 1959 μακράν
1403 1874 1819 1959 πλησιάζεται).
1852 1917 1935 1925 —-
1980 1883 2094 1941 His
2138 1882 2453 1942 abstractis
2497 1881 2598 1939 ad-

436 1984 684 2058 jungam
729 1988 1035 2042 concreta:

613 2087 675 2161 8)
720 2083 952 2161 κηδεμ
975 2077 1024 2143 ω’
1038 2106 1089 2144 ν.
1181 2087 1385 2164 Suppl.
1434 2087 1548 2146 70:
1594 2084 1769 2144 τᾶσδε
1814 2087 2012 2164 φυγᾶς
2055 2121 2140 2130 -
2183 2078 2474 2161 κηδεμών.

610 2186 674 2263 9)
721 2183 1027 2264 ἔφορος.
1092 2167 1217 2264 ’(ᾶθ
1278 2190 1462 2249 verbo
1522 2181 1793 2265 ἔφορεύω
1857 2208 1988 2247 cum
2053 2188 2330 2264 genetivo
2387 2190 2598 2263 juncto

439 2310 497 2349 v.
544 2288 731 2367 infra)
777 2291 942 2349 Pers.
991 2295 1104 2349 26:
1165 2292 1440 2368 στρατιᾶς
1484 2292 1700 2365 πολλῆς
1757 2286 1993 2366 ἔφορος.
2087 2290 2158 2347 de
2203 2290 2407 2366 Suppl.
2457 2294 2600 2359 643,

440 2392 542 2450 ubi
587 2392 860 2469 ineptum
905 2396 997 2450 est
1041 2391 1262 2452 codicis
1308 2385 1361 2449 δ’
1393 2386 1676 2471 ἐφόρους,
1727 2387 1818 2469 (δέ
1855 2386 2087 2471 φόρους
2130 2391 2495 2468 Erfurdtius)
2539 2411 2598 2449 v.

442 2493 860 2553 Wecklein.
948 2493 1116 2553 Stud.
1163 2514 1220 2570 p.
1257 2499 1354 2553 85.
2462 2568 2465 2571 ᾗ

619 2594 721 2672 10)
767 2588 1126 2673 ἐφάπτωρ.
1176 2596 1383 2671 Suppl.
1411 2600 1562 2655 518:
1596 2591 1865 2674 ἔφαπτορ
1894 2587 2045 2666 Ἰοῦς
2074 2630 2157 2639 —-
2192 2602 2349 2656 694:
2381 2593 2603 2673 ῥυσίων

443 2690 792 2775 ἐφάπτορες.
881 2699 954 2755 cf.
1001 2697 1080 2756 ib.
1132 2698 1282 2758 397:
1329 2694 1500 2777 δῆρις
1546 2695 1769 2776 ῥυσίων
1814 2692 2129 2772 ἐφάψεται.

610 2801 742 2859 Hac
787 2806 956 2877 parte
1001 2798 1277 2858 absoluta
1337 2804 1709 2859 transeamus
1754 2803 1831 2860 ad
1876 2802 2253 2862 substantiva
2295 2820 2393 2875 ea,
2456 2820 2600 2879 quo-

370 2905 371 2910 ’
442 2922 576 2962 rum
618 2903 803 2963 verba
849 2921 981 2961 cum
1026 2902 1308 2975 genetivo
1354 2901 1605 2963 ablativi
1647 2903 1845 2962 locum
1890 2908 2133 2962 tenente
2172 2904 2346 2980 jungi
2389 2902 2599 2961 solent.

621 3005 678 3082 1)
724 2995 1107 3082 ἀπαλλαγή.
1189 3008 1305 3079 A'g.
1344 3010 1408 3065 1:
1454 2996 1625 3064 τοῖνδ’
1671 2995 2016 3084 άπαλλαγήν
2059 2999 2283 3066 πόνων.
2373 3006 2452 3064 ib.
2488 3011 2599 3065 20:

443 3098 689 3184 εὐτυχὴς
729 3140 816 3150 -
859 3099 1167 3185 άπαλλαγὴ
1211 3100 1470 3166 πόνων.“
1529 3109 1627 3167 Pr.
1661 3113 1816 3168 320:
1861 3100 2017 3183 ζήτει
2062 3102 2126 3166 δὲ
2171 3105 2356 3166 τῶνδε
2401 3098 2600 3181 πημά-

441 3231 559 3269 των
603 3201 958 3289 άπαλλαγάς.
1024 3209 1296 3270 ib.·75'2:
1343 3202 1495 3284 αὕτη
1540 3203 1651 3289 γάρ
1697 3196 1777 3285 ἦν
1822 3201 1896 3268 ἂν
1939 3203 2232 3286 πημάτων
2277 3201 2600 3287 ἀπαλλαγή.

441 3313 647 3391 Suppl.
696 3318 848 3373 325:
909 3308 1012 3371 καὶ
1076 3305 1534 3388 δυστυχούντων
1591 3304 1638 3369 τ’
1698 3304 1962 3391 εύμαρῆς
2023 3304 2360 3390 ἆπαλλαγήε
2418 3311 2603 3374 vertit

442 3415 824 3475 Schuetzius:
885 3416 1005 3488 „Et
1062 3416 1136 3474 ab
1197 3414 1542 3473 infelicibus
1588 3416 1830 3494 quidem
1887 3415 2081 3475 facilis
2125 3421 2219 3475 est
2271 3416 2602 3476 discessus“

442 3518 727 3597 Equidim
788 3509 1238 3591 δυστυχούντων
1295 3516 1643 3591 genetivum
1706 3518 1954 3593 objecti,
2015 3519 2119 3598 qui
2163 3538 2305 3580 vere
2363 3518 2598 3589 dicitur,

441 3619 938 3691 existimaverim3
985 3617 1310 3696 respondet
1340 3619 1501 3677 enim
1534 3621 1874 3681 accusativo
1909 3641 1985 3681 ex
2016 3614 2410 3679 ἀπαλλάσσειν
2439 3622 2598 3696 apte,

443 3743 626 3803 quare
670 3722 945 3782 reddam:
990 3721 1254 3794 „Facilis
1296 3726 1389 3781 est
1431 3721 1769 3782 infelicium
1812 3722 2091 3784 liberatio
2136 3723 2174 3782 i.
2207 3744 2258 3783 e.
2300 3719 2479 3780 facile
2510 3726 2602 3779 est

440 3825 713 3886 infelices
755 3825 1073 3885 liberare.“
2325 3906 2332 3912 .

616 3930 679 4007 2)
724 3926 1035 3997 ἔκλυσις.
1125 3928 1226 3987 Pr.
1274 3932 1428 3987 265:
1477 3920 1674 3987 ἄθλου
1719 3919 1771 3986 δ’
1815 3924 2051 3988 ἔκλυσιν
2097 3921 2253 4005 ζήτει
2297 3919 2446 3988 τινά.

619 4031 681 4108 3)
729 4027 998 4090 ἐπίλυσ
1013 4051 1097 4100 ις.
1164 4031 1327 4108 Sept.
1371 4036 1518 4091 124:
1564 4027 1830 4090 ἐπίλυσιν
1869 4024 2083 4108 φόβων
2114 4028 2377 4091 ἐπίλυσιν
2408 4026 2595 4087 δίδου.

609 4131 878 4209 Simplex
939 4126 1153 4202 λύσις
1212 4132 1597 4193 Blomfieldus
1664 4133 1945 4194 exhibuit
2010 4134 2143 4193 loco
2205 4131 2592 4195 vexatissImo
