3017 4759
446 392 570 452 lata
613 391 1036 467 distinguimus
1094 391 1258 452 inter
1300 387 1501 467 μέλεος
1547 399 1609 452 et
1650 387 1910 465 ἀθλίων,
1971 393 2132 452 unde
2177 393 2329 453 haec
2373 393 2613 471 profici·

449 494 636 554 scitur
679 494 983 554 sententia
1024 500 1380 575 „postquam
1422 494 1484 554 in
1535 515 1599 554 se
1643 495 1826 556 rediit
1868 493 2080 569 miser,
2142 495 2406 555 dolore
2453 514 2612 555 com·

445 603 643 656 motus
704 598 794 656 ob
852 597 1177 656 infaustam
1236 597 1583 674 conjugium
1642 598 1868 676 duplex
1920 598 2144 658 malum
2201 597 2611 676 perpetravit“

447 698 827 759 constructio
874 698 1235 760 substantivi
1281 690 1458 778 ἄλγος
1502 719 1637 759 cum
1667 700 1948 775 genetivo
1994 699 2150 759 nihil
2194 701 2381 760 habet
2425 701 2611 759 offen·
2675 774 2681 779 .

448 801 666 862 sionis:
728 808 799 861 ut
849 821 970 860 uno
1029 807 1166 861 utar
1224 802 1497 880 exemplo
1546 805 1712 865 Pers.
1762 808 1915 864 826:
1977 804 2184 863 κακῶν
2226 793 2328 862 ’ὑπ’
2373 794 2610 881 ἄλγους.

448 903 633 963 Plura
676 902 804 964 dixi
849 904 963 964 hac
1008 904 1081 963 de
1125 923 1192 963 re
1235 923 1371 981 pag.
1407 910 1509 963 33.

616 1007 757 1066 Non
800 1007 999 1067 minus
1058 1008 1134 1066 ad
1178 1012 1447 1067 nostram
1499 1028 1629 1068 rem
1672 1007 1907 1068 faciunt
1946 1006 2274 1084 adjectiva,
2321 1024 2474 1086 quae
2517 1025 2611 1066 re-

448 1109 747 1186 spondent
810 1110 1012 1171 verbis
1080 1110 1347 1171 curandi.
1452 1111 1654 1170 Unum
1718 1115 1956 1171 tantum
2019 1110 2179 1186 apud
2245 1109 2613 1187 Aeschylum

447 1212 685 1275 inveni:

620 1311 1107 1394 ἐπίστροφος.
1185 1318 1296 1389 Ag.
1333 1320 1487 1375 382:
1535 1306 1640 1374 τόν
1682 1305 1734 1373 δ’
1780 1310 2145 1394 ἐπίστροφον
2187 1311 2375 1373 τῶνδε
2412 1310 2423 1396 Ι
2461 1303 2612 1388 φῶτ’

449 1409 661 1476 ἄδικον
693 1420 992 1495 καθαιρεῖ.
1081 1418 1350 1479 Verbum
1394 1411 1823 1495 ἐπιστρέφομαι
1867 1417 2217 1491 genetivum
2261 1434 2462 1475 secum
2505 1416 2612 1477 ha·

424 1500 550 1579 ⁸bet
590 1520 775 1596 Soph.
807 1521 919 1578 Ph.
957 1525 1111 1579 599:
1157 1519 1318 1589 τίνος
1358 1512 1414 1577 δ’
1441 1510 1735 1599 Ἀτρεῖδαι
1776 1513 1983 1578 τοῦδ’
2034 1510 2189 1598 ἄγαν
2231 1511 2391 1578 οὕτω
2420 1511 2613 1599 χρόνῳ

445 1618 455 1702 Ι
515 1612 723 1704 τοσῷδ’
783 1618 1214 1702 ἐπεστρέφοντο
1274 1615 1627 1701 πράγματος
1684 1614 1874 1700 χάριν.
1983 1616 2341 1701 (στρέφομαι
2404 1620 2613 1680 eodem

444 1745 622 1785 sensu
653 1723 747 1784 Ai.
790 1725 980 1784 1117:
1028 1726 1138 1784 τοῦ
1180 1720 1246 1784 δὲ
1289 1726 1401 1785 σοῦ
1444 1719 1666 1799 ψόφου
1697 1719 1813 1784 οὐκ
1844 1714 1923 1784 ἄν
1952 1723 2319 1803 στραφείην.)
2385 1722 2612 1783 Anecd.

446 1827 653 1887 Graec.
715 1827 804 1886 ed.
854 1828 1035 1887 Bekk.
1079 1828 1131 1901 Ι,
1184 1831 1333 1887 1453
1396 1823 1856 1908 ἐπιστρέφομαι3
1917 1820 2050 1886 ἀντὶ
2111 1827 2217 1886 τοῦ
2279 1820 2614 1901 ἐπιμέλειαν

446 1930 736 2004 ποιοῦμαι
767 1924 866 1988 καὶ
899 1927 1210 2004 φροντίζω,
1257 1920 1401 2005 μετοὲ
1439 1931 1695 2009 γενικῆς.
1735 1963 1821 1974 -
1866 1929 2043 2007 Apud
2088 1929 2420 1989 Homerum
2463 1927 2612 2002 legi-

450 2038 551 2091 tur
592 2032 709 2091 hoc
753 2031 870 2108 adj.
919 2031 1026 2090 Od.
1072 2032 1125 2104 Ι,
1178 2031 1328 2091 1773
1387 2027 1513 2090 ἐπεὶ
1560 2030 1663 2090 καὶ
1709 2034 1908 2102 κεῖνος
1967 2028 2331 2111 ἐπίστροφος
2383 2014 2476 2107 ἦν
2506 2024 2612 2088 ἇν-

443 2127 718 2213 θροόπων
781 2136 942 2194 haud
998 2133 1122 2195 scio
1181 2152 1261 2193 an
1320 2134 1440 2195 alio
1494 2135 1856 2210 significatu.
1946 2137 2023 2195 cf.
2066 2134 2266 2195 Schol.
2313 2139 2376 2194 et
2417 2134 2610 2211 intpp.

448 2238 524 2296 ad
566 2239 627 2298 h.
671 2237 712 2298 l.

619 2339 749 2399 Nisi
796 2337 1229 2418 adjectivorum
1274 2339 1524 2399 curandi
1572 2339 1966 2400 similitudine
2010 2359 2133 2399 non
2171 2342 2371 2417 potest
2414 2340 2610 2400 decla-

449 2442 573 2503 rari
618 2442 959 2517 genetivus,
1011 2461 1189 2523 quem
1232 2443 1419 2501 habet
1460 2462 1665 2502 secum

620 2539 1102 2622 ἀδείμαντος.
1192 2546 1360 2605 Pers.
1412 2550 1563 2605 1623
1623 2538 1909 2622 οὐδαμοῖς
1966 2541 2226 2622 ἐμαυτῆς
2279 2531 2408 2605 οὔατ’
2450 2538 2612 2605 ἀδεί-

449 2669 689 2725 μαντος.

614 2752 679 2830 b)
725 2751 1045 2812 Videamus
1089 2770 1252 2811 nunc
1296 2750 1612 2828 adjectiva,
1660 2770 1813 2831 quae
1846 2752 2062 2827 dicam,
2107 2751 2609 2831 participationis.

448 2854 788 2932 (genetivus
834 2860 927 2914 est
968 2854 1336 2933 partitivus.)

619 2949 1001 3026 κοινωνός.
1089 2959 1202 3031 Ag.
1254 2959 1447 3016 13063
1492 2949 1770 3016 τοιούτου
1815 2953 2128 3037 γνοόματος
2169 2948 2463 3026 κοινωνός
2507 2948 2609 3014 ὄν.

1144 3050 1159 3075 2
1217 3052 1233 3076 5
1292 3049 1309 3076 ²
1369 3053 1385 3077 2

441 3161 604 3224 tivus
648 3162 892 3223 additur
933 3165 1048 3237 Ag.
1097 3166 1257 3224 9893
1303 3157 1430 3222 ἐπεί
1472 3154 1524 3221 σ’
1569 3159 1753 3240 ἔθηκε
1803 3155 1959 3233 Ζευς
2002 3154 2298 3239 ἀμηνίτως
2341 3154 2553 3237 δόμοις
2598 3158 2608 3243 Ι

443 3260 742 3325 κοινωνόν
787 3256 940 3324 εἶναι
981 3263 1286 3344 χερνίβων.

617 3367 837 3429 Merito
881 3369 1003 3427 huc
1047 3368 1210 3428 trahi
1255 3367 1537 3429 existimo

613 3463 1003 3548 ἐπήβολος.
1097 3474 1208 3546 Ag.
1258 3476 1412 3531 520:
1474 3470 1728 3549 τερπνῆς
1786 3460 1880 3549 ἄρ’
1941 3456 2046 3547 ἦτε
2102 3460 2265 3546 τῆσδ’
2325 3462 2613 3546 ἐπήβολοι

442 3565 646 3633 νόσου.
717 3575 820 3635 Pr.
852 3580 1018 3635 4463
1053 3570 1265 3644 ἔννους
1309 3571 1506 3650 ἔθηκα
1550 3570 1650 3632 καὶ
1697 3574 1937 3652 φρενῶν
1981 3566 2318 3650 ἐπηβόλους
2361 3573 2465 3652 (cf.
2495 3575 2609 3647 Ag.

446 3679 595 3736 3663
641 3661 708 3734 εὖ
739 3676 1062 3758 πραπίδων
1090 3669 1358 3755 λαχόντα.
1437 3678 1521 3739 ib.
1563 3681 1712 3736 1623
1759 3669 2022 3750 τεύξεται
2056 3677 2297 3756 φρενῶν
2340 3667 2408 3733 τό
2443 3674 2611 3753 πᾶν).

438 3777 802 3838 scholiastes
831 3780 914 3838 M.
960 3780 1037 3837 ad
1080 3780 1182 3839 Pr.
1213 3784 1338 3838 446
1384 3780 1544 3838 hanc
1578 3778 1753 3856 ponit
1781 3778 2063 3841 vocabuli
2107 3776 2614 3855 explicationem:

444 3875 914 3954 ἐπιτευκτικούς,
960 3877 1268 3957 ἐπιτυχεῖς.

611 3974 949 4063 ἄμοιρος.
1053 3983 1218 4060 Sept.
1267 3985 1425 4043 7163
1489 3983 1614 4042 τῶν
1678 3976 1945 4063 μεγάλων
2008 3980 2235 4042 πεδίων
2300 3971 2614 4060 α’μοίρους.

438 4087 762 4147 Praeterea
815 4104 940 4145 una
999 4102 1133 4145 cum
1190 4076 1553 4166 ἄκληρος,
1615 4086 1772 4166 quod
1832 4086 1981 4146 alias
2042 4105 2167 4145 non
2225 4084 2293 4144 in
2348 4104 2463 4144 usu
2506 4087 2615 4156 est,

2078 4194 2115 4247 6
2140 4183 2183 4222 ⁴⁸
