3017 4759
1271 325 1354 336 —
1445 290 1522 360 11
1613 324 1700 340 --

586 446 648 523 6)
693 437 882 523 πόρος
927 443 1096 519 (Plus
1139 465 1258 505 uno
1304 446 1436 505 loeo
1481 446 1639 522 apud
1690 444 2052 521 Aeschylum
2099 436 2289 517 πόρος
2332 441 2560 501 indicat

407 549 705 623 „fluvius“
749 548 854 632 Ch.
895 552 971 605 65
1021 583 1101 590 --
1147 549 1250 607 ubi
1298 550 1573 608 conferas
1620 567 1772 627 quae
1817 546 2064 606 adnotat
2106 544 2303 605 Schol.
2351 546 2433 604 M.
2482 579 2565 587 --

408 654 580 712 Eum.
629 650 800 728 448).

581 756 746 813 Pers.
794 758 946 813 491:
988 744 1184 823 Ἀξίου
1230 746 1435 832 πόρος.
1524 755 1606 812 ib.
1657 758 1809 822 856:
1856 744 2047 830 πόρος
2077 743 2340 834 ΙΙ”Λλυος
2385 770 2559 808 ποτα-

407 860 566 932 μοῖο.
669 857 774 917 Ch.
824 861 977 916 355:
1037 847 1446 932 Σκαμάνδρου
1507 849 1711 932 πόρος.
1818 855 2130 914 Simillime
2191 859 2283 913 est
2341 853 2564 912 dietum

339 1040 347 1048 ⁹
411 962 511 1020 Pr.
563 965 713 1030 5323
771 950 1061 1017 Ὠκεανοῦ
1119 952 1346 1038 πατρὸς
1407 952 1693 1035 ἄσβεστος
1737 953 1942 1035 πόρος.
2033 959 2266 1017 Nomen
2310 975 2454 1016 vero
2499 954 2564 1013 in

409 1063 618 1130 eodem
664 1082 802 1130 easu
850 1062 1204 1122 collocatum
1250 1069 1342 1122 est
1385 1064 1545 1142 Sept.
1595 1068 1747 1122 631:
1793 1054 1984 1138 πόρος
2030 1095 2107 1104 -
2152 1051 2433 1135 Ἰσμηνός.

585 1168 648 1246 7)
691 1160 945 1244 ῥέεθρον
1005 1165 1350 1239 genetivum
1409 1165 1816 1244 appositivum
1872 1164 2150 1224 adseiseit
2194 1164 2358 1222 Pers.
2409 1167 2563 1219 495:

408 1271 535 1330 πᾶν
578 1263 829 1348 ῥέεθρον
874 1259 1062 1347 ἇγνοῦ
1107 1262 1476 1344 Στρύμονος.
1569 1271 1642 1329 ef.
1691 1269 1838 1328 Hor.
1888 1268 1997 1325 Od.
2045 1267 2128 1339 ΙΙ,
2178 1271 2234 1337 6,
2284 1270 2394 1324 10:
2450 1264 2564 1322 Ga-

410 1371 560 1431 laesi
604 1372 830 1431 flumen
875 1371 994 1444 ΠΙ,
1047 1377 1139 1443 13,
1195 1375 1258 1429 1:
1302 1373 1439 1434 fons
1482 1371 1841 1431 Bandusiae.

582 1473 1036 1534 substantivum
1076 1466 1418 1548 ποταμός
1464 1475 1741 1534 omnibus
1785 1474 1933 1533 loeis
1964 1492 2180 1531 nomen
2213 1470 2419 1530 eodem
2451 1469 2565 1527 sibi

409 1578 674 1638 adsumit
718 1596 875 1636 oasu.
965 1578 1064 1636 Pr.
1115 1577 1255 1638 715.
1305 1578 1443 1636 807.
1489 1580 1602 1652 frg.
1661 1582 1793 1636 142.
1840 1578 1953 1651 frg.
2004 1581 2142 1634 243.

585 1681 645 1756 8)
690 1675 885 1748 λέπας.
953 1683 1068 1753 Ag.
1102 1684 1257 1739 285:
1312 1680 1694 1758 Κιθαιρῶνος
1723 1675 1917 1748 λέπας.
1988 1678 2135 1738 Vooi
2181 1668 2319 1755 ὅρος
2359 1677 2568 1733 eontra

405 1784 656 1844 nomina
698 1783 907 1842 eodem
953 1801 1092 1842 casu
1136 1789 1524 1861 apponuntur
1566 1787 1679 1857 Ag.
1728 1789 1869 1841 290.
1916 1784 2081 1841 Pers.
2128 1785 2269 1838 492.
2341 1778 2564 1836 Home-

406 1908 513 1947 rus
573 1886 765 1948 utitur
821 1885 1101 1959 genetivo
1160 1886 1497 1964 appositive
1560 1886 1633 1945 Il.
1679 1887 1761 1962 ΙΙ,
1809 1890 1965 1950 603ε
2035 1874 2344 1957 Κυλλήνης
2402 1872 2561 1958 ὅρος.

405 1990 491 2052 ib.
541 1995 695 2048 829:
751 1985 1000 2066 Τηρείης
1046 1980 1205 2064 ὅρος.

582 2090 647 2169 9)
690 2083 926 2167 λειμών.
1017 2094 1213 2151 Prom.
1305 2097 1460 2152 651:
1508 2088 1744 2170 Λέρνης
1786 2125 1870 2134 -
1915 2081 2118 2164 βαθύς
2160 2077 2390 2162 λειβών.

582 2196 740 2256 Addi
785 2200 984 2272 potest
1017 2194 1199 2254 etiam
1229 2196 1394 2256 Pers.
1428 2199 1579 2253 492:
1635 2186 1865 2268 Βόλβης
1894 2188 2076 2258 ἕλειος
2108 2183 2308 2259 δόναξ,
2357 2208 2561 2268 quam-

409 2318 590 2379 quam
648 2299 825 2357 aliter
885 2297 1066 2360 etiam
1125 2299 1287 2356 hune
1332 2296 1677 2371 genetivum
1735 2295 2006 2368 intellegi
2067 2313 2241 2370 posse
2287 2312 2395 2366 ego
2442 2312 2565 2350 non

407 2401 676 2461 diffiteor
719 2400 926 2477 (Thue.
972 2392 1014 2476 ἦ
1059 2394 1265 2478 Βόλβη
1309 2400 1481 2476 λίμνη
1526 2400 1575 2472 I,
1625 2404 1721 2457 58.
1768 2398 1875 2471 IV,
1928 2398 2090 2473 103).

1286 2641 1693 2651 -----

1325 2827 1535 2909 Caput
1577 2827 1659 2891 ΙΙ.

1043 2971 1141 3025 De
1184 2971 1493 3038 genetivo
1535 2969 1931 3037 possessivo.

584 3121 879 3197 Exempla
910 3120 1110 3180 omnia
1138 3119 1400 3193 genetivi
1454 3119 1777 3196 possessivi
1823 3136 2171 3176 enumerare
2215 3122 2273 3175 et
2319 3134 2564 3193 percen-

414 3244 547 3284 sere
607 3225 854 3299 longum
916 3230 1008 3282 est
1068 3227 1249 3301 atque
1313 3223 1493 3282 etiam
1559 3220 1792 3281 inutile.
1904 3220 2309 3298 Quaecunque
2372 3236 2563 3277 sermo

415 3327 790 3406 Aeschyleus
833 3328 929 3388 vel
974 3328 1039 3385 in
1082 3328 1199 3385 hoe
1243 3346 1461 3401 genere
1499 3326 1748 3403 praebet
1790 3329 1894 3382 aut
1936 3321 2264 3401 peculiaria
2292 3328 2397 3381 aut
2442 3342 2564 3380 om-

416 3431 562 3489 nino
608 3429 917 3503 notabilia,
964 3431 1225 3490 sufficiat
1264 3429 1500 3490 ratione
1547 3435 1608 3488 et
1651 3429 1753 3489 via
1794 3427 2043 3490 eolleota
2086 3425 2467 3504 perlustrare.

1425 3616 1460 3695 ξ
1515 3623 1563 3676 1.

588 3738 839 3798 Initium
897 3739 1123 3815 eapiam
1184 3739 1260 3795 ab
1316 3757 1384 3797 ea
1443 3740 1678 3797 ratione
1732 3756 1850 3815 qua
1902 3736 2082 3795 alicuj
2128 3736 2213 3794 rei
2262 3733 2422 3811 (urbi
2467 3734 2566 3794 vel

420 3843 639 3920 terrae)
702 3844 1015 3917 genetivus
1075 3841 1444 3918 possessivus
1507 3840 1843 3902 adnectitur
1903 3838 2197 3917 imprimis
2257 3836 2566 3895 nominum

422 3947 798 4022 propriorum
843 3945 928 4003 ita
970 3950 1040 4001 ut
1082 3943 1354 4001 homines
1387 3961 1517 4000 eam
1548 3946 1771 4014 urbem,
1820 3960 1997 4019 quam
2030 3940 2425 3999 condiderunt
2468 3940 2565 3999 vel

425 4050 922 4119 gubernaverunt,
969 4052 1268 4125 tamquam
1312 4044 1618 4122 possidere
1661 4044 1993 4104 videantur.
2069 4045 2233 4102 Pers.
2267 4047 2421 4101 305:
2464 4044 2564 4116 νῆ-

424 4163 529 4212 σον
574 4147 849 4219 Αἴαντος.
917 4148 1077 4226 Sept,
1120 4151 1263 4212 113:
1308 4141 1565 4224 πόλισμα
1611 4138 1885 4220 Κάδμον.
1956 4147 2116 4221 Sept.
2151 4145 2260 4203 74:
2309 4138 2566 4221 Κάδμου
