<?xml version="1.0" encoding="UTF-8"?>
<!DOCTYPE html PUBLIC "-//W3C//DTD XHTML 1.0 Transitional//EN"
    "http://www.w3.org/TR/xhtml1/DTD/xhtml1-transitional.dtd">
<html xmlns="http://www.w3.org/1999/xhtml" xml:lang="en" lang="en">
 <head>
  <title>
</title>
<meta http-equiv="Content-Type" content="text/html;charset=utf-8" />
  <meta name='ocr-system' content='tesseract 3.04.00' />
  <meta name='ocr-capabilities' content='ocr_page ocr_carea ocr_par ocr_line ocrx_word'/>
</head>
<body>
  <div class='ocr_page' id='page_1' title='image "./degenuiniquemvo01schegoog_0062.png"; bbox 0 0 3017 4759; ppageno 0'>
   <div class='ocr_carea' id='block_1_1' title="bbox 296 0 669 58">
    <p class='ocr_par' dir='ltr' id='par_1_1' title="bbox 296 0 669 58">
     <span class='ocr_line' id='line_1_1' title="bbox 296 0 669 58; baseline 0 4701"><span class='ocrx_word' id='word_1_1' title='bbox 296 0 669 58; x_wconf 95' lang='lat' dir='ltr'><strong> </strong></span> 
     </span>
    </p>
   </div>
   <div class='ocr_carea' id='block_1_2' title="bbox 1246 0 2501 56">
    <p class='ocr_par' dir='ltr' id='par_1_2' title="bbox 1246 0 2501 56">
     <span class='ocr_line' id='line_1_2' title="bbox 1246 0 2501 46; baseline -0.005 -16"><span class='ocrx_word' id='word_1_2' title='bbox 1246 11 1253 22; x_wconf 92' lang='lat'>·</span> <span class='ocrx_word' id='word_1_3' title='bbox 1326 21 1335 30; x_wconf 90' lang='lat'><strong>.</strong></span> <span class='ocrx_word' id='word_1_4' title='bbox 1424 0 1888 34; x_wconf 50' lang='lat' dir='ltr'><strong>3¹¹·“·³⁴*.¹‘-:f†123ffl*=·wwff</strong></span> <span class='ocrx_word' id='word_1_5' title='bbox 2030 1 2165 26; x_wconf 68' lang='lat'><strong>·.·-.-·.·.··</strong></span> <span class='ocrx_word' id='word_1_6' title='bbox 2222 5 2227 12; x_wconf 84' lang='lat'><strong>.</strong></span> <span class='ocrx_word' id='word_1_7' title='bbox 2320 3 2401 46; x_wconf 65' lang='lat'><strong>‘²4³&#39;</strong></span> <span class='ocrx_word' id='word_1_8' title='bbox 2450 3 2459 10; x_wconf 94' lang='lat'><strong>·</strong></span> <span class='ocrx_word' id='word_1_9' title='bbox 2498 3 2501 10; x_wconf 95' lang='lat'>·</span> 
     </span>
     <span class='ocr_line' id='line_1_3' title="bbox 1472 31 2297 56; baseline -0.002 -12"><span class='ocrx_word' id='word_1_10' title='bbox 1472 35 1479 44; x_wconf 74' lang='lat' dir='ltr'><strong>s</strong></span> <span class='ocrx_word' id='word_1_11' title='bbox 1527 35 1536 44; x_wconf 66' lang='grc' dir='ltr'><em>τ</em></span> <span class='ocrx_word' id='word_1_12' title='bbox 1657 47 1664 56; x_wconf 35' lang='lat'>⁸</span> <span class='ocrx_word' id='word_1_13' title='bbox 1719 37 1728 50; x_wconf 60' lang='lat' dir='ltr'><strong>p</strong></span> <span class='ocrx_word' id='word_1_14' title='bbox 1751 39 1758 46; x_wconf 81' lang='grc'><em>.</em></span> <span class='ocrx_word' id='word_1_15' title='bbox 2205 39 2214 48; x_wconf 73' lang='grc'><em>,</em></span> <span class='ocrx_word' id='word_1_16' title='bbox 2286 31 2297 42; x_wconf 76' lang='grc' dir='ltr'><strong><em>ο</em></strong></span> 
     </span>
    </p>
   </div>
   <div class='ocr_carea' id='block_1_3' title="bbox 1887 0 2954 318">
    <p class='ocr_par' dir='ltr' id='par_1_3' title="bbox 1887 0 2954 318">
     <span class='ocr_line' id='line_1_4' title="bbox 1887 0 2954 318; baseline 0 4441"><span class='ocrx_word' id='word_1_17' title='bbox 1887 0 2954 318; x_wconf 95' lang='lat' dir='ltr'><strong> </strong></span> 
     </span>
    </p>
   </div>
   <div class='ocr_carea' id='block_1_4' title="bbox 578 310 2764 648">
    <p class='ocr_par' dir='ltr' id='par_1_4' title="bbox 578 310 2764 648">
     <span class='ocr_line' id='line_1_5' title="bbox 1437 310 1864 376; baseline 0.002 -18"><span class='ocrx_word' id='word_1_18' title='bbox 1437 348 1524 358; x_wconf 73' lang='grc'><strong>-.</strong></span> <span class='ocrx_word' id='word_1_19' title='bbox 1609 310 1697 376; x_wconf 81' lang='lat'><strong>54·</strong></span> <span class='ocrx_word' id='word_1_20' title='bbox 1780 349 1864 359; x_wconf 82' lang='grc'><strong>.-</strong></span> 
     </span>
     <span class='ocr_line' id='line_1_6' title="bbox 747 466 2764 547; baseline -0.001 -19"><span class='ocrx_word' id='word_1_21' title='bbox 747 466 811 546; x_wconf 88' lang='grc' dir='ltr'><strong>β)</strong></span> <span class='ocrx_word' id='word_1_22' title='bbox 858 467 1218 541; x_wconf 85' lang='lat' dir='ltr'><strong>Genetivus,</strong></span> <span class='ocrx_word' id='word_1_23' title='bbox 1264 469 1369 547; x_wconf 89' lang='lat' dir='ltr'><strong>qui</strong></span> <span class='ocrx_word' id='word_1_24' title='bbox 1414 470 1638 546; x_wconf 88' lang='lat' dir='ltr'><strong>pendet</strong></span> <span class='ocrx_word' id='word_1_25' title='bbox 1681 489 1714 526; x_wconf 90' lang='lat' dir='ltr'><strong>e</strong></span> <span class='ocrx_word' id='word_1_26' title='bbox 1758 468 2032 540; x_wconf 86' lang='lat' dir='ltr'><strong>nomine,</strong></span> <span class='ocrx_word' id='word_1_27' title='bbox 2079 466 2463 544; x_wconf 84' lang='lat' dir='ltr'><strong>subjectivus</strong></span> <span class='ocrx_word' id='word_1_28' title='bbox 2515 473 2615 527; x_wconf 86' lang='lat' dir='ltr'><strong>est</strong></span> <span class='ocrx_word' id='word_1_29' title='bbox 2660 468 2764 528; x_wconf 91' lang='lat' dir='ltr'><strong>vel</strong></span> 
     </span>
     <span class='ocr_line' id='line_1_7' title="bbox 578 563 2764 648; baseline -0.002 -17"><span class='ocrx_word' id='word_1_30' title='bbox 578 572 973 648; x_wconf 78' lang='lat' dir='ltr'>possessivus,</span> <span class='ocrx_word' id='word_1_31' title='bbox 1061 574 1226 630; x_wconf 87' lang='lat' dir='ltr'><strong>Pers.</strong></span> <span class='ocrx_word' id='word_1_32' title='bbox 1262 574 1411 630; x_wconf 85' lang='lat'>453:</span> <span class='ocrx_word' id='word_1_33' title='bbox 1457 572 1616 628; x_wconf 78' lang='grc' dir='ltr'><em>ναῶν</em></span> <span class='ocrx_word' id='word_1_34' title='bbox 1662 604 1744 613; x_wconf 88' lang='lat'><strong>—-</strong></span> <span class='ocrx_word' id='word_1_35' title='bbox 1789 569 1976 638; x_wconf 82' lang='grc' dir='ltr'><em>κῦδος</em></span> <span class='ocrx_word' id='word_1_36' title='bbox 2005 604 2088 614; x_wconf 94' lang='lat'>—</span> <span class='ocrx_word' id='word_1_37' title='bbox 2119 563 2327 646; x_wconf 85' lang='grc' dir='ltr'><em>μάχης.</em></span> <span class='ocrx_word' id='word_1_38' title='bbox 2413 590 2562 645; x_wconf 88' lang='lat' dir='ltr'><strong>gen.</strong></span> <span class='ocrx_word' id='word_1_39' title='bbox 2595 571 2764 628; x_wconf 82' lang='grc' dir='ltr'><em>ναῶν</em></span> 
     </span>
    </p>
   </div>
   <div class='ocr_carea' id='block_1_5' title="bbox 576 666 2950 1596">
    <p class='ocr_par' dir='ltr' id='par_1_5' title="bbox 576 666 2950 1476">
     <span class='ocr_line' id='line_1_8' title="bbox 577 666 2770 753; baseline -0.001 -20"><span class='ocrx_word' id='word_1_40' title='bbox 577 675 801 753; x_wconf 78' lang='lat' dir='ltr'><strong>pendet</strong></span> <span class='ocrx_word' id='word_1_41' title='bbox 844 677 918 732; x_wconf 90' lang='lat' dir='ltr'><strong>ab</strong></span> <span class='ocrx_word' id='word_1_42' title='bbox 964 666 1187 749; x_wconf 86' lang='grc' dir='ltr'><em>μάχης,</em></span> <span class='ocrx_word' id='word_1_43' title='bbox 1235 694 1370 748; x_wconf 88' lang='lat' dir='ltr'><strong>gen.</strong></span> <span class='ocrx_word' id='word_1_44' title='bbox 1406 666 1597 750; x_wconf 86' lang='grc' dir='ltr'><em>μάχης</em></span> <span class='ocrx_word' id='word_1_45' title='bbox 1640 696 1675 733; x_wconf 89' lang='lat' dir='ltr'><strong>a</strong></span> <span class='ocrx_word' id='word_1_46' title='bbox 1718 673 1960 733; x_wconf 91' lang='lat' dir='ltr'><strong>nomine</strong></span> <span class='ocrx_word' id='word_1_47' title='bbox 2000 671 2204 741; x_wconf 84' lang='grc' dir='ltr'><em>κῦδος.</em></span> <span class='ocrx_word' id='word_1_48' title='bbox 2252 673 2494 752; x_wconf 85' lang='lat' dir='ltr'><strong>(Schol.</strong></span> <span class='ocrx_word' id='word_1_49' title='bbox 2533 677 2621 733; x_wconf 79' lang='lat' dir='ltr'><strong>M.</strong></span> <span class='ocrx_word' id='word_1_50' title='bbox 2658 675 2770 750; x_wconf 65' lang='grc' dir='ltr'><strong>τῆς</strong></span> 
     </span>
     <span class='ocr_line' id='line_1_9' title="bbox 576 767 2763 858; baseline 0 -24"><span class='ocrx_word' id='word_1_51' title='bbox 576 774 945 853; x_wconf 83' lang='grc' dir='ltr'><em>ναυμαχίας).</em></span> <span class='ocrx_word' id='word_1_52' title='bbox 1035 776 1118 835; x_wconf 88' lang='lat' dir='ltr'><strong>ib.</strong></span> <span class='ocrx_word' id='word_1_53' title='bbox 1156 781 1308 836; x_wconf 80' lang='lat'><strong>839:</strong></span> <span class='ocrx_word' id='word_1_54' title='bbox 1355 769 1599 851; x_wconf 75' lang='grc' dir='ltr'><em>ἀτιμίαν</em></span> <span class='ocrx_word' id='word_1_55' title='bbox 1650 810 1718 821; x_wconf 89' lang='grc'><strong>--</strong></span> <span class='ocrx_word' id='word_1_56' title='bbox 1770 769 1988 844; x_wconf 80' lang='grc' dir='ltr'><em>παιδός</em></span> <span class='ocrx_word' id='word_1_57' title='bbox 2032 767 2188 850; x_wconf 68' lang='grc' dir='ltr'><strong>ἀμφὶ</strong></span> <span class='ocrx_word' id='word_1_58' title='bbox 2234 768 2479 850; x_wconf 86' lang='grc' dir='ltr'><em>σώματι</em></span> <span class='ocrx_word' id='word_1_59' title='bbox 2520 771 2531 858; x_wconf 73' lang='grc' dir='ltr'>Ι</span> <span class='ocrx_word' id='word_1_60' title='bbox 2575 773 2763 851; x_wconf 78' lang='grc' dir='ltr'><em>ἐσθη-</em></span> 
     </span>
     <span class='ocr_line' id='line_1_10' title="bbox 579 870 2764 958; baseline 0 -21"><span class='ocrx_word' id='word_1_61' title='bbox 579 871 799 953; x_wconf 87' lang='grc' dir='ltr'><em>μάτων.</em></span> <span class='ocrx_word' id='word_1_62' title='bbox 865 878 948 940; x_wconf 91' lang='lat' dir='ltr'><strong>ib.</strong></span> <span class='ocrx_word' id='word_1_63' title='bbox 982 883 1137 938; x_wconf 82' lang='lat'>924:</span> <span class='ocrx_word' id='word_1_64' title='bbox 1183 870 1341 955; x_wconf 86' lang='grc' dir='ltr'><em>βάρη</em></span> <span class='ocrx_word' id='word_1_65' title='bbox 1381 875 1391 958; x_wconf 76' lang='grc' dir='ltr'>Ι</span> <span class='ocrx_word' id='word_1_66' title='bbox 1430 871 1658 946; x_wconf 88' lang='grc' dir='ltr'><em>πόλεως</em></span> <span class='ocrx_word' id='word_1_67' title='bbox 1687 873 1898 956; x_wconf 83' lang='grc' dir='ltr'><em>γέννας</em></span> <span class='ocrx_word' id='word_1_68' title='bbox 1927 879 2325 956; x_wconf 81' lang='grc' dir='ltr'><em>πενθητῆρος.</em></span> <span class='ocrx_word' id='word_1_69' title='bbox 2377 871 2580 957; x_wconf 63' lang='grc' dir='ltr'><strong>’86Ρῄ</strong></span> <span class='ocrx_word' id='word_1_70' title='bbox 2609 884 2764 938; x_wconf 82' lang='grc'>649;</span> 
     </span>
     <span class='ocr_line' id='line_1_11' title="bbox 577 972 2761 1065; baseline 0 -26"><span class='ocrx_word' id='word_1_71' title='bbox 577 980 804 1059; x_wconf 78' lang='grc' dir='ltr'><em>γενείου</em></span> <span class='ocrx_word' id='word_1_72' title='bbox 839 979 1089 1065; x_wconf 75' lang='grc' dir='ltr'><strong><em>ξυλλογῇ</em></strong></span> <span class='ocrx_word' id='word_1_73' title='bbox 1121 974 1504 1060; x_wconf 70' lang='grc' dir='ltr'><em>τριχώματος.</em></span> <span class='ocrx_word' id='word_1_74' title='bbox 1595 985 1711 1057; x_wconf 88' lang='lat' dir='ltr'><strong>Ag.</strong></span> <span class='ocrx_word' id='word_1_75' title='bbox 1744 986 1855 1042; x_wconf 80' lang='lat'><strong>35:</strong></span> <span class='ocrx_word' id='word_1_76' title='bbox 1901 977 2051 1057; x_wconf 80' lang='grc' dir='ltr'><em>χέρα·</em></span> <span class='ocrx_word' id='word_1_77' title='bbox 2072 972 2328 1050; x_wconf 69' lang='grc' dir='ltr'><em>ἄνακτος</em></span> <span class='ocrx_word' id='word_1_78' title='bbox 2362 977 2583 1040; x_wconf 78' lang='grc' dir='ltr'><em>οἴκων.</em></span> <span class='ocrx_word' id='word_1_79' title='bbox 2676 982 2761 1042; x_wconf 91' lang='lat' dir='ltr'><strong>ib.</strong></span> 
     </span>
     <span class='ocr_line' id='line_1_12' title="bbox 582 1077 2762 1166; baseline 0 -23"><span class='ocrx_word' id='word_1_80' title='bbox 582 1086 735 1143; x_wconf 87' lang='lat'>414:</span> <span class='ocrx_word' id='word_1_81' title='bbox 780 1078 1033 1142; x_wconf 79' lang='grc' dir='ltr'><em>πένθεια</em></span> <span class='ocrx_word' id='word_1_82' title='bbox 1076 1118 1158 1129; x_wconf 89' lang='lat'><strong>--</strong></span> <span class='ocrx_word' id='word_1_83' title='bbox 1206 1077 1411 1159; x_wconf 88' lang='grc' dir='ltr'><em>δόμων</em></span> <span class='ocrx_word' id='word_1_84' title='bbox 1457 1077 1738 1155; x_wconf 78' lang='grc' dir='ltr'><em>ἑκάστου,</em></span> <span class='ocrx_word' id='word_1_85' title='bbox 1790 1085 1934 1165; x_wconf 87' lang='lat' dir='ltr'><strong>(quo</strong></span> <span class='ocrx_word' id='word_1_86' title='bbox 1979 1085 2053 1144; x_wconf 90' lang='lat' dir='ltr'><strong>de</strong></span> <span class='ocrx_word' id='word_1_87' title='bbox 2095 1085 2226 1144; x_wconf 88' lang='lat' dir='ltr'><strong>loco</strong></span> <span class='ocrx_word' id='word_1_88' title='bbox 2274 1084 2428 1143; x_wconf 87' lang='lat' dir='ltr'><strong>satis</strong></span> <span class='ocrx_word' id='word_1_89' title='bbox 2478 1084 2762 1166; x_wconf 88' lang='lat' dir='ltr'><strong>disputa·</strong></span> 
     </span>
     <span class='ocr_line' id='line_1_13' title="bbox 577 1178 2950 1270; baseline -0.001 -22"><span class='ocrx_word' id='word_1_90' title='bbox 577 1186 776 1248; x_wconf 82' lang='lat' dir='ltr'>vimus</span> <span class='ocrx_word' id='word_1_91' title='bbox 821 1210 878 1265; x_wconf 88' lang='lat' dir='ltr'><strong>p.</strong></span> <span class='ocrx_word' id='word_1_92' title='bbox 916 1189 1039 1266; x_wconf 76' lang='lat'><strong>52).</strong></span> <span class='ocrx_word' id='word_1_93' title='bbox 1126 1188 1208 1248; x_wconf 92' lang='lat' dir='ltr'><strong>ib.</strong></span> <span class='ocrx_word' id='word_1_94' title='bbox 1245 1192 1399 1248; x_wconf 79' lang='lat'>910:</span> <span class='ocrx_word' id='word_1_95' title='bbox 1445 1188 1611 1246; x_wconf 78' lang='grc' dir='ltr'><em>θεῶν</em></span> <span class='ocrx_word' id='word_1_96' title='bbox 1649 1184 1659 1268; x_wconf 83' lang='grc' dir='ltr'>Ι</span> <span class='ocrx_word' id='word_1_97' title='bbox 1699 1178 1781 1263; x_wconf 82' lang='grc' dir='ltr'><strong>μή</strong></span> <span class='ocrx_word' id='word_1_98' title='bbox 1826 1207 1916 1257; x_wconf 92' lang='grc' dir='ltr'><strong>τις</strong></span> <span class='ocrx_word' id='word_1_99' title='bbox 1950 1221 2036 1232; x_wconf 86' lang='lat'><strong>--</strong></span> <span class='ocrx_word' id='word_1_100' title='bbox 2066 1180 2333 1264; x_wconf 77' lang='grc' dir='ltr'><em>ὄμματος</em></span> <span class='ocrx_word' id='word_1_101' title='bbox 2366 1182 2559 1263; x_wconf 80' lang='grc' dir='ltr'><em>βάλοι</em></span> <span class='ocrx_word' id='word_1_102' title='bbox 2596 1180 2761 1260; x_wconf 86' lang='grc' dir='ltr'><em>φθό-</em></span> <span class='ocrx_word' id='word_1_103' title='bbox 2923 1181 2950 1270; x_wconf 97' lang='grc' dir='ltr'>Ξ</span> 
     </span>
     <span class='ocr_line' id='line_1_14' title="bbox 583 1282 2763 1370; baseline 0.001 -22"><span class='ocrx_word' id='word_1_104' title='bbox 583 1309 700 1358; x_wconf 89' lang='grc' dir='ltr'><em>νος.</em></span> <span class='ocrx_word' id='word_1_105' title='bbox 773 1290 858 1352; x_wconf 86' lang='lat' dir='ltr'><strong>ib.</strong></span> <span class='ocrx_word' id='word_1_106' title='bbox 896 1295 1092 1351; x_wconf 78' lang='lat'>1401:</span> <span class='ocrx_word' id='word_1_107' title='bbox 1139 1282 1319 1365; x_wconf 74' lang='grc' dir='ltr'><em>εὐνῆς</em></span> <span class='ocrx_word' id='word_1_108' title='bbox 1347 1283 1775 1369; x_wconf 78' lang='grc' dir='ltr'><em>παροψώνημα</em></span> <span class='ocrx_word' id='word_1_109' title='bbox 1811 1290 1916 1366; x_wconf 85' lang='grc' dir='ltr'><strong>τῆς</strong></span> <span class='ocrx_word' id='word_1_110' title='bbox 1947 1287 2091 1367; x_wconf 79' lang='grc' dir='ltr'><em>ἐμῆς</em></span> <span class='ocrx_word' id='word_1_111' title='bbox 2121 1287 2337 1367; x_wconf 80' lang='grc' dir='ltr'><em>χλιδῆς.</em></span> <span class='ocrx_word' id='word_1_112' title='bbox 2433 1292 2661 1370; x_wconf 83' lang='lat' dir='ltr'><strong>Suppl.</strong></span> <span class='ocrx_word' id='word_1_113' title='bbox 2693 1296 2763 1350; x_wconf 85' lang='lat'><strong>9:</strong></span> 
     </span>
     <span class='ocr_line' id='line_1_15' title="bbox 581 1384 2763 1476; baseline -0.001 -23"><span class='ocrx_word' id='word_1_114' title='bbox 581 1384 773 1471; x_wconf 87' lang='grc' dir='ltr'><em>γάμον</em></span> <span class='ocrx_word' id='word_1_115' title='bbox 817 1386 1134 1471; x_wconf 77' lang='grc' dir='ltr'><em>Αἰγύπτου</em></span> <span class='ocrx_word' id='word_1_116' title='bbox 1193 1384 1951 1454; x_wconf 71' lang='grc' dir='ltr'><em>παίδων.11).57;ὅπα</em></span> <span class='ocrx_word' id='word_1_117' title='bbox 1996 1394 2101 1462; x_wconf 81' lang='grc' dir='ltr'><strong>τᾶς</strong></span> <span class='ocrx_word' id='word_1_118' title='bbox 2154 1391 2408 1471; x_wconf 82' lang='grc' dir='ltr'><em>Τηρεΐας</em></span> <span class='ocrx_word' id='word_1_119' title='bbox 2448 1390 2462 1476; x_wconf 72' lang='lat'>1</span> <span class='ocrx_word' id='word_1_120' title='bbox 2506 1387 2763 1469; x_wconf 85' lang='grc' dir='ltr'><em>μητιδος</em></span> 
     </span>
    </p>

    <p class='ocr_par' dir='ltr' id='par_1_6' title="bbox 582 1488 2759 1596">
     <span class='ocr_line' id='line_1_16' title="bbox 582 1488 2759 1596; baseline 0 -42"><span class='ocrx_word' id='word_1_121' title='bbox 582 1492 821 1573; x_wconf 78' lang='grc' dir='ltr'><em>οἰκτρᾶς</em></span> <span class='ocrx_word' id='word_1_122' title='bbox 850 1489 1143 1573; x_wconf 75' lang='grc' dir='ltr'><em>ἀλόχου..</em></span> <span class='ocrx_word' id='word_1_123' title='bbox 1174 1495 1256 1557; x_wconf 91' lang='lat' dir='ltr'><strong>ib.</strong></span> <span class='ocrx_word' id='word_1_124' title='bbox 1292 1501 1443 1555; x_wconf 83' lang='lat'>281:</span> <span class='ocrx_word' id='word_1_125' title='bbox 1489 1496 1821 1579; x_wconf 86' lang='grc' dir='ltr'><em>κληδουχον</em></span> <span class='ocrx_word' id='word_1_126' title='bbox 1837 1490 2030 1596; x_wconf 87' lang='grc' dir='ltr'><em>Ήρας</em></span> <span class='ocrx_word' id='word_1_127' title='bbox 2073 1532 2157 1541; x_wconf 90' lang='lat'><strong>——</strong></span> <span class='ocrx_word' id='word_1_128' title='bbox 2187 1490 2511 1570; x_wconf 79' lang='grc' dir='ltr'><em>δωμάτων</em></span> <span class='ocrx_word' id='word_1_129' title='bbox 2524 1532 2617 1540; x_wconf 89' lang='lat'><strong>-—</strong></span> <span class='ocrx_word' id='word_1_130' title='bbox 2639 1488 2759 1555; x_wconf 88' lang='grc' dir='ltr'><em>Ἰώ.</em></span> 
     </span>
    </p>
   </div>
   <div class='ocr_carea' id='block_1_6' title="bbox 2917 887 3017 1150">
    <p class='ocr_par' dir='ltr' id='par_1_7' title="bbox 2917 887 3017 1150">
     <span class='ocr_line' id='line_1_17' title="bbox 2917 887 3017 1150; baseline 0 3609"><span class='ocrx_word' id='word_1_131' title='bbox 2917 887 3017 1150; x_wconf 95' lang='lat' dir='ltr'><strong> </strong></span> 
     </span>
    </p>
   </div>
   <div class='ocr_carea' id='block_1_7' title="bbox 580 1590 2798 2192">
    <p class='ocr_par' dir='ltr' id='par_1_8' title="bbox 580 1590 2798 2192">
     <span class='ocr_line' id='line_1_18' title="bbox 581 1590 2758 1678; baseline -0 -21"><span class='ocrx_word' id='word_1_132' title='bbox 581 1601 780 1659; x_wconf 90' lang='lat' dir='ltr'><strong>Prom.</strong></span> <span class='ocrx_word' id='word_1_133' title='bbox 816 1603 925 1658; x_wconf 81' lang='lat'><strong>21:</strong></span> <span class='ocrx_word' id='word_1_134' title='bbox 972 1618 1108 1657; x_wconf 90' lang='grc' dir='ltr'><em>ουτε</em></span> <span class='ocrx_word' id='word_1_135' title='bbox 1153 1619 1366 1674; x_wconf 82' lang='grc' dir='ltr'><em>φωνην</em></span> <span class='ocrx_word' id='word_1_136' title='bbox 1410 1590 1546 1657; x_wconf 78' lang='grc' dir='ltr'><em>οὕτε</em></span> <span class='ocrx_word' id='word_1_137' title='bbox 1589 1620 1697 1658; x_wconf 90' lang='grc' dir='ltr'><strong>του</strong></span> <span class='ocrx_word' id='word_1_138' title='bbox 1728 1591 1970 1674; x_wconf 76' lang='grc' dir='ltr'><em>μορφὴν</em></span> <span class='ocrx_word' id='word_1_139' title='bbox 2008 1597 2242 1677; x_wconf 76' lang='grc' dir='ltr'><em>βροτῶν</em></span> <span class='ocrx_word' id='word_1_140' title='bbox 2287 1599 2387 1676; x_wconf 90' lang='lat' dir='ltr'><strong>(de</strong></span> <span class='ocrx_word' id='word_1_141' title='bbox 2437 1599 2758 1678; x_wconf 88' lang='lat' dir='ltr'><strong>pronomi-</strong></span> 
     </span>
     <span class='ocr_line' id='line_1_19' title="bbox 581 1699 2756 1780; baseline 0 -21"><span class='ocrx_word' id='word_1_142' title='bbox 581 1701 677 1759; x_wconf 86' lang='lat' dir='ltr'><strong>nis</strong></span> <span class='ocrx_word' id='word_1_143' title='bbox 701 1699 787 1769; x_wconf 89' lang='grc' dir='ltr'><strong>τίς</strong></span> <span class='ocrx_word' id='word_1_144' title='bbox 810 1701 1203 1762; x_wconf 73' lang='lat' dir='ltr'><strong>collocatione</strong></span> <span class='ocrx_word' id='word_1_145' title='bbox 1226 1704 1624 1780; x_wconf 87' lang='lat' dir='ltr'><strong>comparanda</strong></span> <span class='ocrx_word' id='word_1_146' title='bbox 1647 1707 1741 1762; x_wconf 89' lang='lat' dir='ltr'><strong>est</strong></span> <span class='ocrx_word' id='word_1_147' title='bbox 1762 1702 2126 1763; x_wconf 83' lang='lat' dir='ltr'><strong>Weckleinii</strong></span> <span class='ocrx_word' id='word_1_148' title='bbox 2150 1702 2466 1763; x_wconf 75' lang='lat' dir='ltr'><strong>adnotatio</strong></span> <span class='ocrx_word' id='word_1_149' title='bbox 2491 1726 2550 1763; x_wconf 86' lang='lat' dir='ltr'><strong>a.</strong></span> <span class='ocrx_word' id='word_1_150' title='bbox 2576 1706 2642 1762; x_wconf 85' lang='lat' dir='ltr'><strong>h.</strong></span> <span class='ocrx_word' id='word_1_151' title='bbox 2669 1703 2756 1779; x_wconf 94' lang='grc'><em>1.).</em></span> 
     </span>
     <span class='ocr_line' id='line_1_20' title="bbox 753 1797 2758 1883; baseline -0.001 -19"><span class='ocrx_word' id='word_1_152' title='bbox 753 1805 811 1883; x_wconf 93' lang='grc' dir='ltr'><em>γ)</em></span> <span class='ocrx_word' id='word_1_153' title='bbox 858 1805 1183 1882; x_wconf 82' lang='lat' dir='ltr'><strong>partitivus</strong></span> <span class='ocrx_word' id='word_1_154' title='bbox 1242 1810 1334 1865; x_wconf 85' lang='lat' dir='ltr'><strong>est</strong></span> <span class='ocrx_word' id='word_1_155' title='bbox 1376 1807 1543 1865; x_wconf 85' lang='lat' dir='ltr'><strong>Pers.</strong></span> <span class='ocrx_word' id='word_1_156' title='bbox 1581 1809 1695 1864; x_wconf 82' lang='lat'><strong>61:</strong></span> <span class='ocrx_word' id='word_1_157' title='bbox 1762 1797 1990 1863; x_wconf 81' lang='grc' dir='ltr'><em>τοιόνδ’</em></span> <span class='ocrx_word' id='word_1_158' title='bbox 2052 1797 2298 1873; x_wconf 85' lang='grc' dir='ltr'><em>άνθος</em></span> <span class='ocrx_word' id='word_1_159' title='bbox 2347 1804 2758 1882; x_wconf 85' lang='grc' dir='ltr'><em>Περσίδος</em></span> 
     </span>
     <span class='ocr_line' id='line_1_21' title="bbox 583 1898 2756 1987; baseline 0 -25"><span class='ocrx_word' id='word_1_160' title='bbox 583 1904 753 1975; x_wconf 87' lang='grc' dir='ltr'><strong>αἰάς</strong></span> <span class='ocrx_word' id='word_1_161' title='bbox 790 1905 799 1987; x_wconf 88' lang='grc' dir='ltr'>Ι</span> <span class='ocrx_word' id='word_1_162' title='bbox 840 1904 1056 1984; x_wconf 81' lang='grc' dir='ltr'><em>οἴχεται</em></span> <span class='ocrx_word' id='word_1_163' title='bbox 1111 1898 1432 1987; x_wconf 79' lang='grc' dir='ltr'><em>άνδρῶν.</em></span> <span class='ocrx_word' id='word_1_164' title='bbox 1525 1909 1663 1985; x_wconf 87' lang='lat' dir='ltr'><strong>(Ag.</strong></span> <span class='ocrx_word' id='word_1_165' title='bbox 1712 1911 1867 1967; x_wconf 84' lang='lat'>551:</span> <span class='ocrx_word' id='word_1_166' title='bbox 1929 1900 2073 1984; x_wconf 74' lang='grc' dir='ltr'><em>ἡμῖν</em></span> <span class='ocrx_word' id='word_1_167' title='bbox 2131 1902 2196 1966; x_wconf 79' lang='grc' dir='ltr'><strong>δὲ</strong></span> <span class='ocrx_word' id='word_1_168' title='bbox 2253 1910 2380 1976; x_wconf 89' lang='grc' dir='ltr'><em>τοῖς</em></span> <span class='ocrx_word' id='word_1_169' title='bbox 2440 1910 2756 1966; x_wconf 82' lang='grc' dir='ltr'><em>λοιποῖσιν</em></span> 
     </span>
     <span class='ocr_line' id='line_1_22' title="bbox 580 2003 1199 2090; baseline 0 -21"><span class='ocrx_word' id='word_1_170' title='bbox 580 2003 857 2089; x_wconf 80' lang='grc' dir='ltr'><em>Ἀργείων</em></span> <span class='ocrx_word' id='word_1_171' title='bbox 903 2010 1199 2090; x_wconf 85' lang='grc' dir='ltr'><em>στρατοῦ).</em></span> 
     </span>
     <span class='ocr_line' id='line_1_23' title="bbox 756 2113 2798 2192; baseline -0.001 -18"><span class='ocrx_word' id='word_1_172' title='bbox 756 2117 814 2174; x_wconf 85' lang='lat' dir='ltr'><strong>b.</strong></span> <span class='ocrx_word' id='word_1_173' title='bbox 862 2114 1234 2175; x_wconf 84' lang='lat' dir='ltr'><strong>Genetivi</strong></span> <span class='ocrx_word' id='word_1_174' title='bbox 1293 2113 1382 2172; x_wconf 85' lang='lat' dir='ltr'><strong>ita</strong></span> <span class='ocrx_word' id='word_1_175' title='bbox 1427 2117 1873 2192; x_wconf 84' lang='lat' dir='ltr'><strong>conjunguntur</strong></span> <span class='ocrx_word' id='word_1_176' title='bbox 1930 2134 2063 2173; x_wconf 90' lang='lat' dir='ltr'><strong>cum</strong></span> <span class='ocrx_word' id='word_1_177' title='bbox 2120 2113 2391 2185; x_wconf 89' lang='lat' dir='ltr'><strong>nomine,</strong></span> <span class='ocrx_word' id='word_1_178' title='bbox 2460 2118 2537 2173; x_wconf 92' lang='lat' dir='ltr'><strong>ut</strong></span> <span class='ocrx_word' id='word_1_179' title='bbox 2599 2114 2755 2180; x_wconf 79' lang='lat' dir='ltr'><strong>alter</strong></span> <span class='ocrx_word' id='word_1_180' title='bbox 2793 2151 2798 2160; x_wconf 75' lang='lat'><strong><em>‹</em></strong></span> 
     </span>
    </p>
   </div>
   <div class='ocr_carea' id='block_1_8' title="bbox 2949 1273 2952 2324">
    <p class='ocr_par' dir='ltr' id='par_1_9' title="bbox 2949 1273 2952 2324">
     <span class='ocr_line' id='line_1_24' title="bbox 2949 1273 2952 2324; baseline 0 0"><span class='ocrx_word' id='word_1_181' title='bbox 2949 1273 2952 2324; x_wconf 95' lang='lat' dir='ltr'><strong> </strong></span> 
     </span>
    </p>
   </div>
   <div class='ocr_carea' id='block_1_9' title="bbox 586 2217 2946 4249">
    <p class='ocr_par' dir='ltr' id='par_1_10' title="bbox 586 2217 2790 2397">
     <span class='ocr_line' id='line_1_25' title="bbox 587 2217 2790 2304; baseline 0 -25"><span class='ocrx_word' id='word_1_182' title='bbox 587 2240 719 2279; x_wconf 89' lang='lat' dir='ltr'><strong>cum</strong></span> <span class='ocrx_word' id='word_1_183' title='bbox 766 2241 835 2279; x_wconf 92' lang='lat' dir='ltr'><strong>eo</strong></span> <span class='ocrx_word' id='word_1_184' title='bbox 866 2224 1172 2299; x_wconf 82' lang='lat' dir='ltr'><strong>tamquam</strong></span> <span class='ocrx_word' id='word_1_185' title='bbox 1200 2219 1264 2277; x_wconf 88' lang='lat' dir='ltr'><strong>in</strong></span> <span class='ocrx_word' id='word_1_186' title='bbox 1306 2239 1486 2279; x_wconf 87' lang='lat' dir='ltr'><strong>unam</strong></span> <span class='ocrx_word' id='word_1_187' title='bbox 1519 2219 1784 2278; x_wconf 90' lang='lat' dir='ltr'><strong>confluat</strong></span> <span class='ocrx_word' id='word_1_188' title='bbox 1811 2218 2136 2290; x_wconf 82' lang='lat' dir='ltr'><strong>notionem,</strong></span> <span class='ocrx_word' id='word_1_189' title='bbox 2179 2217 2280 2277; x_wconf 84' lang='lat' dir='ltr'><strong>cui</strong></span> <span class='ocrx_word' id='word_1_190' title='bbox 2310 2217 2564 2297; x_wconf 86' lang='lat' dir='ltr'><strong>quidem</strong></span> <span class='ocrx_word' id='word_1_191' title='bbox 2595 2223 2756 2280; x_wconf 85' lang='lat' dir='ltr'><strong>alter</strong></span> <span class='ocrx_word' id='word_1_192' title='bbox 2785 2295 2790 2304; x_wconf 26' lang='grc' dir='ltr'><strong>Ρ</strong></span> 
     </span>
     <span class='ocr_line' id='line_1_26' title="bbox 586 2322 1305 2397; baseline 0.001 -17"><span class='ocrx_word' id='word_1_193' title='bbox 586 2322 902 2397; x_wconf 83' lang='lat' dir='ltr'><strong>genetivus</strong></span> <span class='ocrx_word' id='word_1_194' title='bbox 946 2322 1305 2382; x_wconf 86' lang='lat' dir='ltr'><strong>adnectitur.</strong></span> 
     </span>
    </p>

    <p class='ocr_par' dir='ltr' id='par_1_11' title="bbox 589 2423 2946 3841">
     <span class='ocr_line' id='line_1_27' title="bbox 759 2423 2755 2503; baseline 0.001 -22"><span class='ocrx_word' id='word_1_195' title='bbox 759 2435 831 2492; x_wconf 86' lang='grc' dir='ltr'><strong>α).</strong></span> <span class='ocrx_word' id='word_1_196' title='bbox 866 2424 1226 2497; x_wconf 85' lang='lat' dir='ltr'><strong>Genetivus,</strong></span> <span class='ocrx_word' id='word_1_197' title='bbox 1286 2424 1393 2503; x_wconf 89' lang='lat' dir='ltr'><strong>qui</strong></span> <span class='ocrx_word' id='word_1_198' title='bbox 1450 2445 1632 2482; x_wconf 90' lang='lat' dir='ltr'><strong>unam</strong></span> <span class='ocrx_word' id='word_1_199' title='bbox 1686 2423 1994 2483; x_wconf 87' lang='lat' dir='ltr'><strong>notionem</strong></span> <span class='ocrx_word' id='word_1_200' title='bbox 2052 2423 2243 2483; x_wconf 90' lang='lat' dir='ltr'><strong>efficit</strong></span> <span class='ocrx_word' id='word_1_201' title='bbox 2303 2444 2436 2482; x_wconf 88' lang='lat' dir='ltr'><strong>cum</strong></span> <span class='ocrx_word' id='word_1_202' title='bbox 2481 2426 2755 2495; x_wconf 89' lang='lat' dir='ltr'><strong>nomine,</strong></span> 
     </span>
     <span class='ocr_line' id='line_1_28' title="bbox 590 2519 2750 2604; baseline 0 -19"><span class='ocrx_word' id='word_1_203' title='bbox 590 2531 682 2585; x_wconf 86' lang='lat' dir='ltr'><strong>est</strong></span> <span class='ocrx_word' id='word_1_204' title='bbox 739 2527 1259 2604; x_wconf 76' lang='lat' dir='ltr'><strong>appositivuS.</strong></span> <span class='ocrx_word' id='word_1_205' title='bbox 1365 2528 1478 2600; x_wconf 86' lang='lat' dir='ltr'><strong>Ag.</strong></span> <span class='ocrx_word' id='word_1_206' title='bbox 1530 2530 1642 2584; x_wconf 83' lang='lat'><strong>44:</strong></span> <span class='ocrx_word' id='word_1_207' title='bbox 1678 2521 2096 2604; x_wconf 83' lang='grc' dir='ltr'><em>’διθρόνου</em></span> <span class='ocrx_word' id='word_1_208' title='bbox 2155 2561 2240 2569; x_wconf 81' lang='lat'><strong>-—</strong></span> <span class='ocrx_word' id='word_1_209' title='bbox 2302 2522 2405 2583; x_wconf 85' lang='grc' dir='ltr'><strong>καὶ</strong></span> <span class='ocrx_word' id='word_1_210' title='bbox 2466 2519 2750 2601; x_wconf 78' lang='grc' dir='ltr'><em>δισκή-</em></span> 
     </span>
     <span class='ocr_line' id='line_1_29' title="bbox 590 2619 2748 2708; baseline 0 -22"><span class='ocrx_word' id='word_1_211' title='bbox 590 2650 840 2707; x_wconf 88' lang='grc' dir='ltr'><em>πτρου</em></span> <span class='ocrx_word' id='word_1_212' title='bbox 878 2627 888 2708; x_wconf 81' lang='grc' dir='ltr'>Ι</span> <span class='ocrx_word' id='word_1_213' title='bbox 928 2629 1149 2703; x_wconf 87' lang='grc' dir='ltr'><em>τιμῆς</em></span> <span class='ocrx_word' id='word_1_214' title='bbox 1209 2619 1429 2705; x_wconf 83' lang='grc' dir='ltr'><em>όχυρόν</em></span> <span class='ocrx_word' id='word_1_215' title='bbox 1484 2628 1692 2704; x_wconf 81' lang='grc' dir='ltr'><em>ζεῦγος</em></span> <span class='ocrx_word' id='word_1_216' title='bbox 1742 2621 2067 2702; x_wconf 82' lang='grc' dir='ltr'><em>Ἀτρειδᾶν.</em></span> <span class='ocrx_word' id='word_1_217' title='bbox 2113 2661 2200 2671; x_wconf 90' lang='grc'><strong>-</strong></span> <span class='ocrx_word' id='word_1_218' title='bbox 2251 2621 2568 2706; x_wconf 75' lang='grc' dir='ltr'><em>Ἀτρειδᾶν</em></span> <span class='ocrx_word' id='word_1_219' title='bbox 2615 2651 2748 2706; x_wconf 89' lang='lat' dir='ltr'><strong>gen.</strong></span> 
     </span>
     <span class='ocr_line' id='line_1_30' title="bbox 589 2729 2748 2809; baseline 0.001 -18"><span class='ocrx_word' id='word_1_220' title='bbox 589 2736 682 2791; x_wconf 87' lang='lat' dir='ltr'><strong>est</strong></span> <span class='ocrx_word' id='word_1_221' title='bbox 714 2730 1089 2809; x_wconf 87' lang='lat' dir='ltr'><strong>appositivus</strong></span> <span class='ocrx_word' id='word_1_222' title='bbox 1120 2732 1443 2790; x_wconf 86' lang='lat' dir='ltr'><strong>cohaerens</strong></span> <span class='ocrx_word' id='word_1_223' title='bbox 1490 2749 1626 2789; x_wconf 88' lang='lat' dir='ltr'><strong>cum</strong></span> <span class='ocrx_word' id='word_1_224' title='bbox 1656 2730 1858 2806; x_wconf 80' lang='grc' dir='ltr'><em>ζεῦγος</em></span> <span class='ocrx_word' id='word_1_225' title='bbox 1887 2729 1973 2807; x_wconf 89' lang='lat' dir='ltr'><strong>(v.</strong></span> <span class='ocrx_word' id='word_1_226' title='bbox 2004 2751 2139 2808; x_wconf 86' lang='lat' dir='ltr'><strong>pag.</strong></span> <span class='ocrx_word' id='word_1_227' title='bbox 2177 2731 2301 2806; x_wconf 89' lang='lat'><strong>10).</strong></span> <span class='ocrx_word' id='word_1_228' title='bbox 2391 2732 2556 2792; x_wconf 84' lang='lat' dir='ltr'><strong>Huic</strong></span> <span class='ocrx_word' id='word_1_229' title='bbox 2589 2754 2748 2793; x_wconf 90' lang='lat' dir='ltr'><strong>com-</strong></span> 
     </span>
     <span class='ocr_line' id='line_1_31' title="bbox 589 2827 2746 2913; baseline -0.002 -19"><span class='ocrx_word' id='word_1_230' title='bbox 589 2833 862 2913; x_wconf 82' lang='lat' dir='ltr'><strong>plexioni</strong></span> <span class='ocrx_word' id='word_1_231' title='bbox 893 2835 1206 2911; x_wconf 85' lang='lat' dir='ltr'><strong>adjunctus</strong></span> <span class='ocrx_word' id='word_1_232' title='bbox 1252 2838 1344 2892; x_wconf 85' lang='lat' dir='ltr'><strong>est</strong></span> <span class='ocrx_word' id='word_1_233' title='bbox 1379 2833 1698 2908; x_wconf 79' lang='lat' dir='ltr'><strong>genetivus</strong></span> <span class='ocrx_word' id='word_1_234' title='bbox 1739 2832 2139 2912; x_wconf 84' lang='lat' dir='ltr'><strong>qualitatis</strong></span> <span class='ocrx_word' id='word_1_235' title='bbox 2171 2827 2467 2911; x_wconf 82' lang='grc' dir='ltr'><em>διθρόνου</em></span> <span class='ocrx_word' id='word_1_236' title='bbox 2506 2870 2596 2900; x_wconf 43' lang='grc' dir='ltr'><strong>ε-</strong></span> <span class='ocrx_word' id='word_1_237' title='bbox 2644 2831 2746 2893; x_wconf 79' lang='grc' dir='ltr'><strong>καὶ</strong></span> 
     </span>
     <span class='ocr_line' id='line_1_32' title="bbox 593 2929 2749 3016; baseline -0.001 -22"><span class='ocrx_word' id='word_1_238' title='bbox 593 2929 960 3015; x_wconf 80' lang='grc' dir='ltr'><em>δισκήπτρου</em></span> <span class='ocrx_word' id='word_1_239' title='bbox 1015 2937 1188 3012; x_wconf 85' lang='grc' dir='ltr'><em>τιμῆς</em></span> <span class='ocrx_word' id='word_1_240' title='bbox 1248 2936 1348 3016; x_wconf 85' lang='lat' dir='ltr'><strong>(cf.</strong></span> <span class='ocrx_word' id='word_1_241' title='bbox 1395 2957 1531 3014; x_wconf 87' lang='lat' dir='ltr'><strong>pag.</strong></span> <span class='ocrx_word' id='word_1_242' title='bbox 1565 2937 1691 3015; x_wconf 81' lang='lat'><strong>42).</strong></span> <span class='ocrx_word' id='word_1_243' title='bbox 1739 2970 1824 2979; x_wconf 85' lang='lat'><strong>—-—</strong></span> <span class='ocrx_word' id='word_1_244' title='bbox 1869 2938 2046 2996; x_wconf 87' lang='lat' dir='ltr'><strong>Adde</strong></span> <span class='ocrx_word' id='word_1_245' title='bbox 2108 2936 2188 2996; x_wconf 87' lang='lat' dir='ltr'><strong>sis</strong></span> <span class='ocrx_word' id='word_1_246' title='bbox 2233 2940 2348 3012; x_wconf 91' lang='lat' dir='ltr'><strong>Ag.</strong></span> <span class='ocrx_word' id='word_1_247' title='bbox 2382 2942 2536 2997; x_wconf 82' lang='lat'>348:</span> <span class='ocrx_word' id='word_1_248' title='bbox 2601 2933 2749 3014; x_wconf 83' lang='grc' dir='ltr'><em>μέγα</em></span> 
     </span>
     <span class='ocr_line' id='line_1_33' title="bbox 594 3023 2932 3122; baseline -0 -23"><span class='ocrx_word' id='word_1_249' title='bbox 594 3039 937 3109; x_wconf 86' lang='grc' dir='ltr'><em>δουλείας</em></span> <span class='ocrx_word' id='word_1_250' title='bbox 974 3038 985 3122; x_wconf 80' lang='grc' dir='ltr'>Ι</span> <span class='ocrx_word' id='word_1_251' title='bbox 1023 3034 1350 3119; x_wconf 78' lang='grc' dir='ltr'><em>γάγγαμον,</em></span> <span class='ocrx_word' id='word_1_252' title='bbox 1397 3032 1544 3115; x_wconf 71' lang='grc' dir='ltr'><em>ἄτης</em></span> <span class='ocrx_word' id='word_1_253' title='bbox 1572 3023 1947 3099; x_wconf 76' lang='grc' dir='ltr'><em>παναλώτου.</em></span> <span class='ocrx_word' id='word_1_254' title='bbox 2038 3038 2306 3109; x_wconf 89' lang='grc' dir='ltr'><em>δουλείας</em></span> <span class='ocrx_word' id='word_1_255' title='bbox 2348 3060 2481 3114; x_wconf 89' lang='lat' dir='ltr'><strong>gen.</strong></span> <span class='ocrx_word' id='word_1_256' title='bbox 2520 3046 2616 3101; x_wconf 88' lang='lat' dir='ltr'><strong>est</strong></span> <span class='ocrx_word' id='word_1_257' title='bbox 2646 3061 2747 3117; x_wconf 84' lang='lat' dir='ltr'><strong>ap·</strong></span> <span class='ocrx_word' id='word_1_258' title='bbox 2917 3089 2932 3110; x_wconf 67' lang='lat'><em>„</em></span> 
     </span>
     <span class='ocr_line' id='line_1_34' title="bbox 594 3138 2747 3224; baseline -0.003 -18"><span class='ocrx_word' id='word_1_259' title='bbox 594 3167 750 3224; x_wconf 89' lang='lat' dir='ltr'><strong>pos.,</strong></span> <span class='ocrx_word' id='word_1_260' title='bbox 795 3138 941 3220; x_wconf 72' lang='grc' dir='ltr'><em>ἄτης</em></span> <span class='ocrx_word' id='word_1_261' title='bbox 983 3146 1188 3203; x_wconf 87' lang='grc' dir='ltr'><em>παναλ.</em></span> <span class='ocrx_word' id='word_1_262' title='bbox 1237 3150 1330 3204; x_wconf 86' lang='lat' dir='ltr'><strong>est</strong></span> <span class='ocrx_word' id='word_1_263' title='bbox 1372 3144 1683 3224; x_wconf 88' lang='lat' dir='ltr'><strong>qualitatis</strong></span> <span class='ocrx_word' id='word_1_264' title='bbox 1725 3144 1826 3222; x_wconf 85' lang='lat' dir='ltr'><strong>(cf.</strong></span> <span class='ocrx_word' id='word_1_265' title='bbox 1873 3166 1931 3221; x_wconf 91' lang='lat' dir='ltr'><strong>p.</strong></span> <span class='ocrx_word' id='word_1_266' title='bbox 1968 3143 2000 3201; x_wconf 86' lang='lat'>7</span> <span class='ocrx_word' id='word_1_267' title='bbox 2050 3147 2112 3202; x_wconf 88' lang='lat' dir='ltr'><strong>et</strong></span> <span class='ocrx_word' id='word_1_268' title='bbox 2154 3163 2212 3221; x_wconf 93' lang='lat' dir='ltr'><strong>p.</strong></span> <span class='ocrx_word' id='word_1_269' title='bbox 2247 3143 2371 3220; x_wconf 78' lang='lat'><strong>42).</strong></span> <span class='ocrx_word' id='word_1_270' title='bbox 2417 3177 2502 3188; x_wconf 89' lang='lat'><strong>--</strong></span> <span class='ocrx_word' id='word_1_271' title='bbox 2546 3144 2747 3208; x_wconf 76' lang='lat' dir='ltr'><strong>Quare</strong></span> 
     </span>
     <span class='ocr_line' id='line_1_35' title="bbox 592 3229 2932 3324; baseline -0.003 -15"><span class='ocrx_word' id='word_1_272' title='bbox 592 3271 714 3309; x_wconf 92' lang='lat' dir='ltr'><strong>non</strong></span> <span class='ocrx_word' id='word_1_273' title='bbox 759 3268 975 3311; x_wconf 83' lang='lat' dir='ltr'><strong>vereor</strong></span> <span class='ocrx_word' id='word_1_274' title='bbox 1016 3247 1161 3307; x_wconf 89' lang='lat' dir='ltr'><strong>huic</strong></span> <span class='ocrx_word' id='word_1_275' title='bbox 1204 3246 1412 3322; x_wconf 80' lang='lat' dir='ltr'><strong>generi</strong></span> <span class='ocrx_word' id='word_1_276' title='bbox 1457 3248 1676 3307; x_wconf 84' lang='lat' dir='ltr'><strong>addere</strong></span> <span class='ocrx_word' id='word_1_277' title='bbox 1707 3245 2021 3321; x_wconf 88' lang='lat' dir='ltr'><strong>genetivos</strong></span> <span class='ocrx_word' id='word_1_278' title='bbox 2065 3244 2544 3324; x_wconf 88' lang='lat' dir='ltr'><strong>possessivos</strong></span> <span class='ocrx_word' id='word_1_279' title='bbox 2590 3249 2746 3322; x_wconf 87' lang='lat' dir='ltr'><strong>ejus·</strong></span> <span class='ocrx_word' id='word_1_280' title='bbox 2867 3229 2876 3246; x_wconf 52' lang='grc'>”</span> <span class='ocrx_word' id='word_1_281' title='bbox 2919 3233 2932 3276; x_wconf 54' lang='lat'><strong>³⁴</strong></span> 
     </span>
     <span class='ocr_line' id='line_1_36' title="bbox 592 3340 2748 3430; baseline -0.004 -18"><span class='ocrx_word' id='word_1_282' title='bbox 592 3352 754 3412; x_wconf 88' lang='lat' dir='ltr'><strong>modi</strong></span> <span class='ocrx_word' id='word_1_283' title='bbox 813 3350 1330 3430; x_wconf 76' lang='lat' dir='ltr'><strong>complexionibus</strong></span> <span class='ocrx_word' id='word_1_284' title='bbox 1391 3349 1696 3427; x_wconf 87' lang='lat' dir='ltr'><strong>appositos</strong></span> <span class='ocrx_word' id='word_1_285' title='bbox 1757 3352 1923 3408; x_wconf 86' lang='lat' dir='ltr'><strong>Pers.</strong></span> <span class='ocrx_word' id='word_1_286' title='bbox 1973 3354 2125 3409; x_wconf 84' lang='lat'><strong>232:</strong></span> <span class='ocrx_word' id='word_1_287' title='bbox 2196 3340 2351 3426; x_wconf 75' lang='grc' dir='ltr'><em>πρός</em></span> <span class='ocrx_word' id='word_1_288' title='bbox 2407 3345 2748 3424; x_wconf 85' lang='grc' dir='ltr'><em>δυσμαῖς</em></span> 
     </span>
     <span class='ocr_line' id='line_1_37' title="bbox 597 3440 2745 3525; baseline -0.004 -12"><span class='ocrx_word' id='word_1_289' title='bbox 597 3447 853 3522; x_wconf 69' lang='grc' dir='ltr'><em>ἄνακτος</em></span> <span class='ocrx_word' id='word_1_290' title='bbox 893 3445 1141 3510; x_wconf 86' lang='grc' dir='ltr'><em>Ἡλίου</em></span> <span class='ocrx_word' id='word_1_291' title='bbox 1186 3443 1780 3525; x_wconf 84' lang='grc' dir='ltr'><em>φθινασμάτων.</em></span> <span class='ocrx_word' id='word_1_292' title='bbox 1870 3451 2088 3510; x_wconf 82' lang='lat' dir='ltr'><strong>Verbis</strong></span> <span class='ocrx_word' id='word_1_293' title='bbox 2121 3449 2372 3525; x_wconf 86' lang='grc' dir='ltr'><em>δυσμαῖς</em></span> <span class='ocrx_word' id='word_1_294' title='bbox 2401 3440 2745 3524; x_wconf 84' lang='grc' dir='ltr'><em>φθινασμά-</em></span> 
     </span>
     <span class='ocr_line' id='line_1_38' title="bbox 597 3544 2747 3634; baseline -0.002 -19"><span class='ocrx_word' id='word_1_295' title='bbox 597 3577 714 3615; x_wconf 88' lang='grc' dir='ltr'><strong>των</strong></span> <span class='ocrx_word' id='word_1_296' title='bbox 757 3557 843 3634; x_wconf 88' lang='lat' dir='ltr'><strong>(v.</strong></span> <span class='ocrx_word' id='word_1_297' title='bbox 887 3575 1021 3634; x_wconf 86' lang='lat' dir='ltr'><strong>pag.</strong></span> <span class='ocrx_word' id='word_1_298' title='bbox 1056 3553 1118 3632; x_wconf 87' lang='grc'><strong>6)</strong></span> <span class='ocrx_word' id='word_1_299' title='bbox 1164 3551 1430 3630; x_wconf 87' lang='lat' dir='ltr'><strong>adjectus</strong></span> <span class='ocrx_word' id='word_1_300' title='bbox 1488 3557 1581 3612; x_wconf 93' lang='lat' dir='ltr'><strong>est</strong></span> <span class='ocrx_word' id='word_1_301' title='bbox 1625 3551 1942 3627; x_wconf 80' lang='lat' dir='ltr'><strong>genetivus</strong></span> <span class='ocrx_word' id='word_1_302' title='bbox 1986 3553 2359 3629; x_wconf 88' lang='lat' dir='ltr'><strong>possessivus</strong></span> <span class='ocrx_word' id='word_1_303' title='bbox 2399 3544 2617 3612; x_wconf 82' lang='grc' dir='ltr'><em>Ἡλίου.</em></span> <span class='ocrx_word' id='word_1_304' title='bbox 2662 3583 2747 3596; x_wconf 39' lang='grc' dir='ltr'><strong>-κ-</strong></span> 
     </span>
     <span class='ocr_line' id='line_1_39' title="bbox 596 3645 2946 3731; baseline -0.005 -8"><span class='ocrx_word' id='word_1_305' title='bbox 596 3662 680 3723; x_wconf 87' lang='lat' dir='ltr'><strong>ib.</strong></span> <span class='ocrx_word' id='word_1_306' title='bbox 715 3663 869 3719; x_wconf 80' lang='lat'>516:</span> <span class='ocrx_word' id='word_1_307' title='bbox 915 3648 1129 3726; x_wconf 75' lang='grc' dir='ltr'><em>νυκτός</em></span> <span class='ocrx_word' id='word_1_308' title='bbox 1165 3647 1312 3731; x_wconf 74' lang='grc' dir='ltr'><em>ὄψις</em></span> <span class='ocrx_word' id='word_1_309' title='bbox 1354 3688 1441 3700; x_wconf 87' lang='lat'><strong>-—-</strong></span> <span class='ocrx_word' id='word_1_310' title='bbox 1485 3651 1799 3714; x_wconf 80' lang='grc' dir='ltr'><em>ἐνυπνίων.</em></span> <span class='ocrx_word' id='word_1_311' title='bbox 1890 3656 1990 3715; x_wconf 88' lang='lat' dir='ltr'><strong>Pr.</strong></span> <span class='ocrx_word' id='word_1_312' title='bbox 2028 3658 2176 3716; x_wconf 84' lang='lat'>133:</span> <span class='ocrx_word' id='word_1_313' title='bbox 2223 3647 2454 3714; x_wconf 80' lang='grc' dir='ltr'><em>κτύπου</em></span> <span class='ocrx_word' id='word_1_314' title='bbox 2498 3692 2583 3701; x_wconf 95' lang='lat'><strong>—-</strong></span> <span class='ocrx_word' id='word_1_315' title='bbox 2622 3645 2743 3730; x_wconf 81' lang='grc' dir='ltr'><em>οἷχώ</em></span> <span class='ocrx_word' id='word_1_316' title='bbox 2815 3705 2826 3722; x_wconf 83' lang='grc'>,</span> <span class='ocrx_word' id='word_1_317' title='bbox 2919 3659 2946 3728; x_wconf 99' lang='grc' dir='ltr'><strong>Ξ</strong></span> 
     </span>
     <span class='ocr_line' id='line_1_40' title="bbox 597 3758 2898 3841; baseline -0.003 -19"><span class='ocrx_word' id='word_1_318' title='bbox 597 3758 870 3841; x_wconf 80' lang='grc' dir='ltr'><em>χάλυβος.</em></span> <span class='ocrx_word' id='word_1_319' title='bbox 2847 3763 2854 3770; x_wconf 77' lang='grc'>’</span> <span class='ocrx_word' id='word_1_320' title='bbox 2893 3765 2898 3774; x_wconf 76' lang='grc'>”</span> 
     </span>
    </p>

    <p class='ocr_par' dir='ltr' id='par_1_12' title="bbox 600 3853 2743 4249">
     <span class='ocr_line' id='line_1_41' title="bbox 771 3853 2742 3956; baseline -0.004 -32"><span class='ocrx_word' id='word_1_321' title='bbox 771 3864 834 3943; x_wconf 83' lang='grc' dir='ltr'><strong>β)</strong></span> <span class='ocrx_word' id='word_1_322' title='bbox 878 3853 1056 3924; x_wconf 82' lang='lat' dir='ltr'><strong>Alter</strong></span> <span class='ocrx_word' id='word_1_323' title='bbox 1080 3862 1415 3938; x_wconf 86' lang='lat' dir='ltr'><strong>genetivus,</strong></span> <span class='ocrx_word' id='word_1_324' title='bbox 1452 3862 1557 3942; x_wconf 87' lang='lat' dir='ltr'><strong>qui</strong></span> <span class='ocrx_word' id='word_1_325' title='bbox 1585 3857 2228 3956; x_wconf 58' lang='lat' dir='ltr'><strong>estpossessivuS,</strong></span> <span class='ocrx_word' id='word_1_326' title='bbox 2271 3862 2360 3921; x_wconf 86' lang='lat' dir='ltr'><strong>ita</strong></span> <span class='ocrx_word' id='word_1_327' title='bbox 2390 3865 2742 3922; x_wconf 87' lang='lat' dir='ltr'><strong>connecten-</strong></span> 
     </span>
     <span class='ocr_line' id='line_1_42' title="bbox 600 3959 2743 4042; baseline -0.005 -12"><span class='ocrx_word' id='word_1_328' title='bbox 600 3972 711 4030; x_wconf 88' lang='lat' dir='ltr'><strong>dus</strong></span> <span class='ocrx_word' id='word_1_329' title='bbox 756 3974 849 4029; x_wconf 88' lang='lat' dir='ltr'><strong>est</strong></span> <span class='ocrx_word' id='word_1_330' title='bbox 905 3989 1040 4028; x_wconf 89' lang='lat' dir='ltr'><strong>cum</strong></span> <span class='ocrx_word' id='word_1_331' title='bbox 1082 3966 1357 4039; x_wconf 90' lang='lat' dir='ltr'><strong>nomine,</strong></span> <span class='ocrx_word' id='word_1_332' title='bbox 1422 3971 1491 4025; x_wconf 88' lang='lat' dir='ltr'><strong>ut</strong></span> <span class='ocrx_word' id='word_1_333' title='bbox 1549 3968 1703 4025; x_wconf 86' lang='lat' dir='ltr'><strong>alter</strong></span> <span class='ocrx_word' id='word_1_334' title='bbox 1743 3959 1876 4026; x_wconf 87' lang='lat' dir='ltr'><strong>toti</strong></span> <span class='ocrx_word' id='word_1_335' title='bbox 1932 3965 2077 4025; x_wconf 88' lang='lat' dir='ltr'><strong>huic</strong></span> <span class='ocrx_word' id='word_1_336' title='bbox 2130 3965 2362 4024; x_wconf 91' lang='lat' dir='ltr'><strong>notioni</strong></span> <span class='ocrx_word' id='word_1_337' title='bbox 2407 3961 2743 4042; x_wconf 86' lang='lat' dir='ltr'><strong>appositive</strong></span> 
     </span>
     <span class='ocr_line' id='line_1_43' title="bbox 604 4066 2741 4148; baseline -0.007 -15"><span class='ocrx_word' id='word_1_338' title='bbox 604 4074 873 4133; x_wconf 85' lang='lat' dir='ltr'><strong>addatur.</strong></span> <span class='ocrx_word' id='word_1_339' title='bbox 917 4105 1001 4116; x_wconf 92' lang='lat'>—</span> <span class='ocrx_word' id='word_1_340' title='bbox 1045 4069 1354 4130; x_wconf 83' lang='lat' dir='ltr'><strong>Eximium</strong></span> <span class='ocrx_word' id='word_1_341' title='bbox 1399 4072 1742 4147; x_wconf 84' lang='lat' dir='ltr'><strong>exemplum</strong></span> <span class='ocrx_word' id='word_1_342' title='bbox 1785 4069 1850 4127; x_wconf 90' lang='lat' dir='ltr'><strong>in</strong></span> <span class='ocrx_word' id='word_1_343' title='bbox 1895 4073 2178 4148; x_wconf 86' lang='lat' dir='ltr'><strong>promptu</strong></span> <span class='ocrx_word' id='word_1_344' title='bbox 2223 4072 2315 4127; x_wconf 88' lang='lat' dir='ltr'><strong>est</strong></span> <span class='ocrx_word' id='word_1_345' title='bbox 2355 4068 2552 4125; x_wconf 90' lang='lat' dir='ltr'><strong>Prom.</strong></span> <span class='ocrx_word' id='word_1_346' title='bbox 2589 4066 2741 4121; x_wconf 84' lang='lat'>435:</span> 
     </span>
     <span class='ocr_line' id='line_1_44' title="bbox 604 4165 2741 4249; baseline -0.005 -16"><span class='ocrx_word' id='word_1_347' title='bbox 604 4169 870 4242; x_wconf 77' lang='grc' dir='ltr'><em>κελαινὸς</em></span> <span class='ocrx_word' id='word_1_348' title='bbox 913 4166 973 4232; x_wconf 90' lang='grc' dir='ltr'><strong>δ’</strong></span> <span class='ocrx_word' id='word_1_349' title='bbox 1003 4167 1212 4242; x_wconf 79' lang='grc' dir='ltr'><em>’Ἁιδος</em></span> <span class='ocrx_word' id='word_1_350' title='bbox 1253 4206 1338 4216; x_wconf 92' lang='lat'><strong>——-</strong></span> <span class='ocrx_word' id='word_1_351' title='bbox 1381 4165 1568 4248; x_wconf 76' lang='grc' dir='ltr'><em>μυχὸς</em></span> <span class='ocrx_word' id='word_1_352' title='bbox 1595 4174 1721 4249; x_wconf 81' lang='grc' dir='ltr'><em>γᾶς.</em></span> <span class='ocrx_word' id='word_1_353' title='bbox 1771 4193 1906 4248; x_wconf 90' lang='lat' dir='ltr'><strong>gen.</strong></span> <span class='ocrx_word' id='word_1_354' title='bbox 1949 4171 2060 4249; x_wconf 77' lang='grc' dir='ltr'><strong>γᾶς</strong></span> <span class='ocrx_word' id='word_1_355' title='bbox 2088 4169 2297 4248; x_wconf 87' lang='lat' dir='ltr'><strong>(poss.)</strong></span> <span class='ocrx_word' id='word_1_356' title='bbox 2341 4188 2475 4228; x_wconf 86' lang='lat' dir='ltr'><strong>cum</strong></span> <span class='ocrx_word' id='word_1_357' title='bbox 2502 4165 2741 4228; x_wconf 88' lang='lat' dir='ltr'><strong>nomine</strong></span> 
     </span>
    </p>
   </div>
   <div class='ocr_carea' id='block_1_10' title="bbox 2837 2797 2870 2814">
    <p class='ocr_par' dir='ltr' id='par_1_13' title="bbox 2837 2797 2870 2814">
     <span class='ocr_line' id='line_1_45' title="bbox 2837 2797 2870 2814; baseline 0 0"><span class='ocrx_word' id='word_1_358' title='bbox 2837 2797 2870 2814; x_wconf 56' lang='lat' dir='ltr'><em>e</em></span> 
     </span>
    </p>
   </div>
   <div class='ocr_carea' id='block_1_11' title="bbox 2921 2505 2953 3551">
    <p class='ocr_par' dir='ltr' id='par_1_14' title="bbox 2921 2505 2953 3551">
     <span class='ocr_line' id='line_1_46' title="bbox 2921 2505 2953 3551; baseline 0 0"><span class='ocrx_word' id='word_1_359' title='bbox 2921 2505 2953 3551; x_wconf 95' lang='lat' dir='ltr'><strong> </strong></span> 
     </span>
    </p>
   </div>
   <div class='ocr_carea' id='block_1_12' title="bbox 2911 3849 3017 4733">
    <p class='ocr_par' dir='ltr' id='par_1_15' title="bbox 2911 3849 3017 4733">
     <span class='ocr_line' id='line_1_47' title="bbox 2911 3849 3017 4733; baseline 0 0"><span class='ocrx_word' id='word_1_360' title='bbox 2911 3849 3017 4733; x_wconf 95' lang='lat' dir='ltr'><strong> </strong></span> 
     </span>
    </p>
   </div>
  </div>
 </body>
</html>
