3017 4759
126 0 469 194 W

1207 315 1632 384 *17*

508 474 630 536 Vix
675 480 767 535 est
822 476 978 555 quod
1022 494 1296 536 moneam
1354 476 1691 554 proximam
1754 475 1897 534 huie
1957 474 2503 537 oiroumloeutionis

338 578 558 636 rationi
600 597 731 637 eam
759 578 1018 639 maxime
1049 599 1198 653 esse,
1245 584 1313 639 ut
1342 580 1603 652 nomine,
1652 578 1810 658 quod
1841 578 2120 652 genetivo
2154 580 2504 657 adJunetum

340 687 462 754 est,
525 681 811 758 adjectivi
857 673 1108 757 alicujus
1155 682 1322 742 notio
1368 682 1750 759 praedicetur
1794 685 1859 775 et
1899 681 2177 756 tollatur,
2237 683 2300 741 id
2346 683 2505 762 quod

340 783 679 844 collustrari
739 788 940 860 potest
997 786 1204 862 paucis
1264 783 1413 844 loeis
1472 783 1571 843 his
1616 786 1715 844 Pr.
1764 784 1831 844 7:
1889 780 2217 861 παντέχνου
2262 777 2504 864 πυρός

339 881 553 956 σέλας
602 884 610 966 Ι
656 889 935 963 θνητοῖσι
991 882 1219 960 κλέψας
1280 877 1535 945 ὤπασεν.
1626 888 1699 946 of.
1760 886 1832 946 Il.
1879 888 2055 961 XIX,
2108 889 2261 947 3753
2324 908 2407 956 ως
2452 868 2504 944 δ’

338 981 423 1047 στ’
480 981 554 1047 ἀν
613 985 676 1047 ἐκ
719 982 963 1048 πόντοιο
1023 984 1193 1058 σέλας
1251 981 1501 1070 ναύτῃσι
1564 982 1770 1072 φανήῃ
1821 988 1834 1070 Ι
1885 985 2225 1066 καιομένοιο
2285 981 2499 1068 πυρός.

338 1091 510 1151 Pind.
557 1092 888 1169 Pyth.111,
934 1096 1047 1149 393
1094 1086 1260 1161 σέλας
1305 1082 1357 1148 δ’
1403 1084 1797 1170 ἀμφέδραμεν
1835 1088 1845 1173 Ι
1883 1085 2109 1171 λάβρον
2149 1082 2500 1164 Ἁφαίστου.

507 1194 588 1253 Et
631 1214 772 1253 sane
833 1214 1012 1253 sensu
1057 1213 1179 1252 non
1240 1191 1516 1252 dissimili
1562 1192 1816 1254 dieitur:
1878 1196 2043 1254 Pers.
2095 1198 2255 1253 540:
2313 1190 2380 1251 αἱ
2420 1228 2504 1237 --·

344 1293 629 1375 Περσίδες
689 1290 982 1374 ἀνδρων
1039 1292 1373 1355 ποθέουσαι
1436 1292 1585 1354 ἰδεῖν
1645 1288 2095 1375 ἀρτιζυγίαν
2154 1297 2193 1355 i.
2243 1317 2291 1356 e.
2355 1316 2500 1366 τους

335 1400 627 1477 νεοζυγεῖς
673 1390 913 1477 ανδρας.
1003 1402 1114 1472 Ag.
1156 1403 1312 1457 9113
1357 1390 1531 1474 μήτις
1575 1391 1901 1477 πρόσωθεν
1948 1419 2286 1476 ομματος
2327 1391 2502 1474 βαλοι

337 1492 940 1576 φθόνοςπομμα
983 1520 1037 1559 τι
1083 1493 1410 1580 φθονερόν.
1492 1501 1606 1576 frg.
1660 1505 1809 1562 1923
1856 1496 2202 1577 κάματον
2246 1499 2501 1560 ἵππων

336 1638 418 1647 --
463 1597 776 1662 ἀναπαύει.
866 1605 1031 1663 Pers.
1082 1603 1232 1663 743:
1294 1594 1480 1673 πολύς
1525 1598 1790 1661 πλούτου
1835 1598 2026 1672 πόνος
2074 1606 2085 1681 Ι
2136 1595 2384 1681 ούμός,
2390 1604 2499 1678 ‚di-

335 1706 522 1767 vitiae
577 1706 782 1765 labore
842 1711 1086 1784 partae“
1148 1706 1285 1766 vide
1344 1706 1524 1765 infra.
1615 1707 1691 1764 of.
1749 1710 1863 1779 Ag.
1914 1710 2025 1764 54:
2086 1699 2437 1783 δεμνιοτήρη
2488 1704 2495 1784 Ι

332 1802 531 1868 πόνον
573 1803 894 1885 ὀρταλίχων
937 1831 994 1872 v.
1041 1810 1081 1871 i.
1126 1842 1210 1853 —-
1270 1810 1409 1868 Non
1455 1808 1653 1868 minus
1712 1810 1831 1867 hue
1874 1809 2166 1886 quadrare
2210 1808 2498 1868 arbitror:
2583 1805 2586 1808 ¹

334 1913 502 1969 Pers,
553 1910 708 1967 3753
755 1905 882 1967 ἐπεὶ
925 1906 990 1968 δὲ
1034 1905 1322 1992 φέγγος
1365 1901 1583 1986 ἡλίου
1626 1906 1957 1984 κατέφθιτο
2001 1906 2105 1970 καὶ
2150 1903 2256 1980 νύξ
2301 1901 2495 1990 ἐπῄει.

335 2014 507 2070 Eum.
565 2010 720 2068 1007
742 2033 756 2069 3
808 2007 907 2069 καὶ
955 2005 1021 2071 vd
1068 2008 1289 2091 φέγγος
1333 2004 1628 2091 ὁρμάσθω
1674 2006 1884 2091 πυρός.
1975 2006 2257 2081 κύκλος
2314 2012 2378 2088 α)
2424 2013 2496 2070 de

335 2115 462 2173 sole
504 2114 670 2172 Pers.
722 2118 874 2172 5023
936 2109 1170 2192 φλέγων
1227 2105 1339 2194 γάρ
1402 2108 1616 2193 αὐγαῖς
1666 2108 1938 2193 λαμπρός
1994 2106 2166 2191 ἡλίου
2211 2108 2431 2182 κύκλος
2480 2112 2487 2192 Ι

337 2213 514 2292 μέσον
556 2208 746 2293 πόρον
791 2214 976 2292 διῆκε.
1067 2218 1164 2276 Pr.
1215 2222 1328 2277 913
1386 2209 1709 2295 παμμῆτόρ
1768 2236 1830 2274 τε
1886 2218 1963 2295 γῆ
2008 2213 2103 2275 καὶ
2165 2208 2270 2275 τὸν
2314 2209 2496 2274 πανό-

337 2338 486 2392 πτην
539 2310 761 2377 κύκλον
819 2309 994 2395 ἡλίου
1052 2321 1230 2378 καλῶ.
1319 2319 1426 2378 ubi
1485 2318 1806 2396 adscripsit
1864 2318 2060 2378 Sohol.
2107 2321 2222 2379 M.:
2284 2310 2495 2396 ἤλλαξε

335 2410 445 2495 τήν
486 2412 708 2500 φράσιν
765 2418 829 2499 β)
875 2421 947 2480 de
994 2426 1161 2481 scuto
1206 2420 1368 2501 Sept.
1420 2420 1579 2481 4723
1637 2415 1896 2491 ἀσπίδος
1940 2413 2157 2481 κύκλον
2200 2416 2364 2501 λέγω.
2412 2453 2495 2464 ——-

334 2524 532 2601 Atque
576 2528 645 2583 ut
687 2524 929 2582 redeam
975 2524 1049 2582 ad
1093 2543 1399 2601 personas,
1444 2525 1626 2584 hasce
1674 2545 2017 2585 enumerem
2058 2523 2427 2584 locutiones:

500 2623 758 2702 χλιδαί.
849 2626 1053 2704 Suppl.
1104 2628 1260 2687 9703
1304 2623 1405 2686 καὶ
1451 2623 1777 2707 παρθένων
1819 2626 2109 2705 χλιδαῖσιν
2155 2619 2489 2706 εὐμόρφοις

332 2724 433 2786 ἔπι
463 2723 487 2809 ΙΙ
521 2728 638 2797 πᾶς
680 2749 769 2798 τις
812 2721 1132 2807 παρελθών
1178 2720 1445 2806 ὄμματος
1488 2723 1843 2811 θελκτήριον
1873 2727 1897 2815 ΙΙ
1929 2721 2160 2807 τόξευμ’
2204 2726 2492 2806 ἔπεμψεν,

329 2831 431 2889 ubi
495 2831 937 2893 animadvertas
998 2831 1180 2891 velim
1241 2832 1356 2907 adj.
1417 2826 1749 2913 εὐμόρφοις
1811 2855 1931 2894 non
1994 2833 2307 2909 genetivo,
2375 2852 2492 2912 quo

329 2933 583 3006 delebat,
630 2933 732 2991 sed
778 2933 979 2992 dativo
1027 2953 1154 2991 esse
1199 2933 1485 2993 additum.
1560 2936 1750 2995 Simili
1798 2937 2089 2996 orationis
2136 2935 2340 3012 specie
2386 2936 2489 2994 ad-

327 3036 529 3094 hibuit
572 3040 781 3112 poeta:
827 3032 1126 3111 παρθενία
1171 3034 1273 3092 Pr.
1324 3039 1479 3094 896:

497 3135 701 3216 ταρβῶ
742 3129 856 3215 γάρ
893 3126 1299 3214 ἀστεργάνορα
1342 3136 1774 3214 παρθενίαν
1821 3129 2089 3215 είσοροῖσ’
2117 3129 2273 3206 Ἰοῦς
2316 3130 2488 3217 γάμω

328 3237 832 3316 δαπτομέναν.

501 3338 741 3419 σέβας.
811 3341 944 3405 Qua
987 3360 1132 3403 voce
1177 3360 1470 3419 personae
1514 3362 1623 3419 per
1666 3343 1953 3405 ambitum
1998 3344 2359 3402 denotantur
2387 3343 2485 3402 Pr.

338 3449 530 3503 10923
592 3430 641 3501 αἶ
684 3437 908 3524 μητρός
967 3441 1114 3521 ἐμῆς
1172 3440 1364 3522 σέβας.
1453 3447 1624 3505 Eum.
1676 3447 1828 3506 8673
1887 3437 2011 3505 ἀλλ’
2056 3442 2112 3504 εί
2152 3440 2257 3521 μὲν
2300 3435 2486 3525 ἀγνόν

326 3542 448 3605 ἔστί
490 3561 586 3606 σοι
634 3547 908 3617 Πειθοῦς
951 3544 1142 3623 σέβας.
1211 3548 1587 3608 eonferenda⁴
1619 3553 1761 3609 sunt
1803 3548 1985 3626 Soph.
2033 3548 2100 3607 Ο.
2131 3551 2201 3607 R.
2239 3552 2388 3608 8303
2436 3536 2484 3606 ὦ

326 3651 490 3707 θεῶν
534 3641 719 3729 ἆγνδν
761 3645 954 3727 σέβας.
1025 3650 1182 3711 Phil.
1222 3654 1413 3709 12893
1457 3642 1734 3728 dandae&
1766 3642 1947 3730 ἆγνόν
1982 3643 2179 3727 Ζηνός
2224 3641 2483 3725 ὖψίστου

324 3748 503 3827 σέβας
530 3778 617 3803 =
651 3753 814 3827 Ζῆνα
852 3745 1189 3827 σεβάσμιον.
1256 3743 1460 3831 Suppl.
1497 3754 1647 3813 7213
1692 3751 1954 3831 τριαίνας
1986 3745 2161 3812 τάσδε
2188 3749 2290 3811 καὶ
2321 3753 2483 3811 θεῶν

325 3850 470 3929 σέβη
502 3852 794 3923 δείσαντες
838 3874 1019 3933 quum
1062 3854 1295 3912 numeri
1339 3855 1590 3932 pluralis
1620 3851 1765 3929 σέβη
1810 3853 1972 3913 aliud
2005 3855 2344 3932 exemplum
2387 3874 2481 3913 re-

325 3956 510 4032 periri
555 3976 676 4015 non
729 3955 920 4033 possit
963 3974 1158 4034 neque
1203 3957 1523 4017 conveniat
1566 3956 1900 4016 sententiae
1944 3962 2005 4014 et
2046 3952 2152 4033 ἕδη
2196 3955 2480 4032 (Coning-

322 4090 418 4137 diei
457 4088 671 4157 μήτιδας
693 4086 895 4155 οἰκτράν
928 4088 1320 4154 („miserandam
1356 4090 1420 4139 ob
1454 4088 1828 4153 prudentiam“)
1850 4089 2182 4139 HermannuS.
2249 4090 2477 4140 Ceterum
2578 4101 2586 4108 ·

325 4189 414 4234 pro
452 4173 663 4241 μήτιδας
697 4178 739 4223 Β
754 4190 787 4225 u
801 4190 826 4224 r
842 4189 875 4235 g
886 4189 913 4223 e
926 4174 1030 4224 siu
1044 4188 1069 4223 s
1106 4172 1319 4234 conjecit
1351 4167 1605 4234 ’Δτῆίδοᾳ

2032 4268 2067 4318 2
