3017 4759
1212 267 1640 332 -93-

523 430 580 486 b.
649 423 936 484 Rarius
981 421 1256 502 (septies)
1301 442 1429 496 res,
1477 442 1631 502 quae
1675 422 1923 500 ponitur
1963 420 2030 480 in
2075 420 2374 496 genetivo,
2415 420 2509 478 in-

351 528 554 589 anima
596 533 706 588 est.

521 631 686 709 Sept.
723 634 834 689 85:
882 621 1180 705 ἀμαχέτου
1214 626 1390 687 δίκαν
1423 620 1704 697 υδατος’
1674 620 2000 707 οροτύπου.
2072 629 2187 702 Ag.
2223 631 2374 686 2843
2422 622 2510 683 δί-

347 755 463 811 κην
522 731 786 811 φαιδρᾶς
843 724 1107 808 σελήνης.
1194 732 1276 793 ib.
1313 737 1471 791 469:
1541 723 1865 808 ὀνειράτων
1925 728 2114 807 δίκην.
2204 729 2510 789 simillime

348 836 432 897 ib.
469 841 623 895 943:
686 832 863 893 δίκαν
909 833 1239 914 δυσκρίτων
1281 826 1627 913 ὀνειράτων.
1716 834 1800 895 ib.
1839 837 2034 893 1135:
2102 824 2367 908 κύματος
2426 829 2510 889 δι’·

349 960 481 1014 κην.
569 938 654 1000 ib.
692 940 886 998 1183:
935 935 1108 1014 δίκην
1169 929 1314 1014 ἄτης
1368 935 1687 1018 λαθραίου.
1774 937 1890 1012 frg.
1927 941 2082 996 3083
2144 928 2290 993 παῦ’
2344 928 2509 1012 ὕδωρ

351 1038 525 1117 δίκην
568 1033 778 1121 πυρός.

523 1135 832 1222 τρόπον.
927 1145 1042 1218 Ag.
1078 1148 1190 1203 493
1235 1135 1464 1221 τρόπον
1498 1139 1816 1221 αἰγυπιῶν.
1889 1141 1973 1203 ib.
2009 1141 2165 1202 3753
2214 1142 2404 1200 κακοῦ
2448 1135 2512 1199 δὲ

348 1247 568 1325 χαλκοῦ
598 1239 841 1324 τρόπον.
930 1246 1145 1306 Paullo
1176 1245 1418 1307 diversa
1463 1242 1765 1306 sententia
1797 1247 2066 1322 subjecta
2110 1249 2203 1305 est
2247 1247 2357 1305 sub
2387 1245 2511 1305 for-

348 1351 514 1409 mula
545 1344 606 1408 ἐν
637 1340 900 1427 τρόποις,
931 1368 1111 1428 quam
1138 1348 1412 1428 sequitur
1435 1348 1753 1423 genetivus
1785 1367 2176 1426 personarum
2210 1350 2325 1422 Ag.
2358 1353 2509 1406 8823

348 1449 451 1512 καὶ
496 1443 671 1510 τὸἷλλα
727 1442 808 1526 μή
866 1444 1151 1528 γυναικός
1214 1448 1277 1510 ἒν
1335 1445 1585 1531 τρόποις
1629 1447 1730 1528 ἐμέ
1761 1447 1785 1534 ΙΙ
1818 1443 2056 1529 ἅβρυνε.
2144 1452 2317 1511 Eum.
2355 1450 2509 1510 437:

349 1556 572 1616 Confer
616 1554 798 1615 etiam
845 1554 951 1614 Oh.
987 1559 1141 1614 466:
1186 1547 1495 1633 τρόποισιν
1541 1546 1614 1613 οὗ
1662 1556 2040 1634 τυραννικοῖς
2083 1548 2312 1613 θανοόν.

526 1650 784 1734 ἰότητι.
876 1656 1201 1717 Familiare
1247 1662 1341 1718 est
1380 1659 1499 1717 hoc
1543 1659 1800 1719 verbum
1829 1658 2113 1730 Homero,
2160 1657 2267 1737 qui
2308 1660 2513 1716 tamen

351 1763 703 1838 genetivum
761 1767 998 1823 tantum
1055 1781 1346 1841 personae
1402 1762 1703 1822 adnectit:
1769 1761 2179 1824 accusativum
2235 1760 2510 1822 videmus

347 1867 423 1925 Π.
459 1865 597 1938 XV,
644 1868 758 1925 41:
807 1858 891 1924 δι’
944 1858 1093 1942 ἐμήν
1139 1858 1357 1941 ἰότητα.
1408 1901 1482 1910 --
1532 1864 1908 1943 Hesychius:
1973 1858 2283 1942 βουλήσει,
2331 1859 2509 1947 αἰτίᾳ,

350 1959 531 2052 όργῇ,
590 1961 800 2047 χάριτι.
890 1968 1214 2048 Expromit
1270 1968 1471 2029 neseio
1534 1968 1680 2048 quid
1732 1968 2255 2047 interpretationis
2310 1968 2510 2029 Schol.

347 2073 434 2131 M.
481 2072 558 2130 ad
585 2073 684 2132 Pr.
720 2076 872 2131 552:
921 2071 1155 2154 πορείᾳ,
1204 2063 1369 2151 παροῖ
1415 2063 1482 2130 τό
1527 2068 1704 2146 ἰέναι,
1751 2072 1824 2154 τῇ
1855 2064 2108 2153 συνόδῳ.
2197 2070 2511 2143 Vocabuli,

351 2175 513 2254 quod
556 2175 631 2234 ad
672 2174 936 2234 radicem
983 2170 1040 2232 ἰσ
1085 2178 1178 2235 est
1219 2175 1626 2236 revocandum
1645 2220 1660 2248 ,
1725 2194 1963 2233 causam
2008 2178 2181 2235 acute
2228 2173 2514 2234 enodavit

349 2276 683 2337 Curtius
727 2279 824 2338 Et.
866 2279 893 2316 4
945 2299 1002 2356 p.
1038 2282 1182 2337 404.
1270 2278 1612 2355 Aeschylus
1670 2299 1791 2339 uno
1836 2279 1969 2338 loco
2016 2276 2291 2354 adjungit
2334 2296 2513 2351 gene-

350 2378 549 2443 tivum
595 2400 848 2460 eumque
891 2379 984 2440 rei
1027 2382 1127 2440 Pr.
1165 2385 1314 2439 5523
1363 2372 1547 2440 ἰότατι
1592 2374 1817 2459 γάμων.

521 2483 815 2545 Dativum
843 2482 1127 2562 primitus
1171 2482 1360 2542 fuisse
1405 2486 1625 2561 putant
1668 2483 1851 2543 etiam

524 2581 558 2643 ἕ
566 2606 772 2658 κατι,
819 2584 917 2645 eui
961 2584 1248 2647 adverbio
1293 2585 1358 2644 in
1407 2586 1676 2664 Odyssea
1717 2590 1956 2646 tantum
2002 2586 2341 2646 occurrenti
2383 2584 2509 2645 Ho-

347 2707 549 2748 merus
591 2708 714 2748 non
760 2687 928 2747 addit
957 2688 1307 2763 genetivum
1350 2688 1470 2748 nisi
1512 2690 1777 2749 deorum.
1866 2688 2119 2748 Homeri
2161 2688 2508 2764 ingrediens

348 2789 624 2866 vestigiis
652 2791 994 2869 Aeschylus
1038 2791 1129 2851 ita
1160 2791 1357 2852 utitur
1387 2792 1671 2867 genetivo
1704 2812 2025 2871 personae,
2070 2794 2140 2851 ut
2166 2792 2318 2851 haec
2362 2791 2509 2851 deus

350 2892 431 2952 sit
473 2894 580 2953 811.
616 2898 770 2953 2063
819 2890 873 2952 τί
915 2895 1026 2951 νῦν
1071 2890 1234 2954 ἕκατι
1280 2888 1589 2971 δαιμόνων
1633 2896 1816 2972 κυρῶ.
1907 2895 2105 2955 801101.
2137 2897 2256 2955 Μ.3
2302 2893 2357 2952 τί
2399 2895 2509 2953 νῦν

344 2989 631 3073 λαμβάνω
677 2992 743 3054 ἐκ
787 2988 1090 3071 δαιμόνων
1103 3019 1122 3069 3
1168 2995 1328 3066 τίνος
1373 2991 1483 3076 γάρ
1530 2991 1648 3073 ἤδη
1683 2993 1965 3074 ἐπέτυχον
2009 2988 2130 3055 ὖπό
2179 2998 2377 3069 ceusu,-
2424 3031 2509 3042 —-

345 3098 428 3160 ib.
463 3102 618 3158 424:
666 3093 829 3158 ἕκατι
872 3093 978 3173 μὲν
1024 3091 1347 3174 δαιμόνων.
1440 3101 1616 3159 Eum.
1658 3098 1812 3158 7493
1884 3095 2194 3167 Παλλάδος
2236 3095 2338 3157 καὶ
2383 3102 2510 3158 Λο-

347 3199 479 3271 ξίου
517 3199 528 3283 Ι
567 3197 731 3260 ἕκατι
759 3197 857 3260 καὶ
897 3202 1007 3260 τοῦ
1039 3194 1234 3260 πάντα
1268 3201 1613 3280 κραίνοντος
1647 3199 1846 3280 τρίτου
1885 3197 1894 3281 Ι
1936 3201 2218 3280 σωτῆρος.
2310 3201 2507 3260 801101.

346 3306 462 3363 Μ.3
508 3305 618 3362 τοῦ
665 3297 834 3373 Διός.
926 3305 1031 3363 sed
1090 3308 1296 3364 tamen
1349 3305 1703 3385 frequenter
1757 3303 2036 3378 indulget
2079 3303 2360 3378 genetivo
2417 3304 2509 3364 rei

344 3407 512 3466 Pers.
548 3411 704 3466 3353
750 3399 1028 3483 πλήθους
1073 3402 1180 3481 μὲν
1225 3428 1299 3465 αν
1329 3401 1479 3483 σάφ’
1532 3399 1669 3466 ι”σθ
1714 3403 1877 3466 ἕκατι
1919 3399 2245 3485 βαρβαρων
2282 3404 2293 3490 Ι
2332 3404 2509 3466 ναυσὶ

343 3511 653 3588 κρατῆσαι.
712 3513 828 3586 Ag.
856 3515 1010 3572 838:
1056 3505 1296 3571 τοιῶνδ’
1335 3507 1500 3595 ἕκατι
1531 3504 1852 3588 κληδόνων.
1921 3512 2029 3571 811.
2057 3515 2212 3570 4253
2250 3506 2410 3569 εκατι
2446 3495 2512 3569 δ’

345 3603 508 3688 αμᾶν
549 3615 752 3694 χερῶν.
840 3615 924 3676 ib.
959 3619 1113 3674 682·
1173 3607 1288 3693 ἐγώ
1335 3610 1443 3691 μὲν
1489 3636 1596 3675 οον
1640 3611 1895 3686 ξένοισιν
1939 3601 2057 3674 ωδ’
2103 3605 2447 3689 εὐδαίμοσιν
2500 3608 2507 3692 Ι

342 3713 571 3776 κεδνῶν
601 3713 763 3778 ἕκατι
793 3738 1160 3797 πραγματων
1191 3739 1268 3777 αν
1297 3710 1521 3794 ἤθελον
1557 3717 1566 3798 Ι
1606 3710 1869 3798 γνωστος
1892 3712 2171 3798 γενέσθαι
2200 3712 2302 3774 καὶ
2334 3713 2505 3787 ξενω-

343 3818 549 3892 θῆναιῑ
612 3819 695 3880 ib.
731 3825 885 3879 9933
931 3812 1152 3896 τόλμης
1188 3815 1349 3880 ἕκατι
1381 3815 1674 3881 κᾶνδίκου
1708 3814 2110 3900 φρονήματος.
2181 3821 2354 3879 Eum.
2390 3818 2505 3878 71:

344 3920 548 3978 κακῶν
592 3912 654 3979 δ’
699 3918 865 3981 ἕκατι
905 3913 1240 4002 κᾶγένοντο.
1332 3925 1531 3985 801101.
1568 3927 1687 3984 Μ.3
1742 3920 1941 3982 ἕνεκεν
1985 3924 2091 3981 τοῦ
2135 3924 2504 3980 κακοποιεῖν.

511 4022 586 4101 βί
600 4046 641 4109 ᾳ
685 4024 853 4104 (Ipso
900 4027 1282 4090 substantivo
1325 4024 1459 4104 βία
1498 4026 1855 4109 neutiquam
1897 4026 1990 4086 uti
2033 4010 2367 4085 Homerum
2413 4030 2503 4086 te·-
